2734 4859
239 487 252 498 ι

191 571 197 590 fl
233 576 238 586 ι

420 665 461 746 H
484 663 521 745 0
544 659 950 746 MILIn'xw.
1123 679 1212 760 ¹553

158 837 288 921 iurum,
313 829 365 902 cui
382 829 551 923 bonorem,
576 827 805 924 demean&
823 826 997 903 universis
1017 825 1138 902 omnia
1157 837 1231 900 re·'

160 934 369 1030 praesentat,
394 931 482 1003 nulli
499 931 631 1004 debens
650 927 795 1021 aliquod
811 926 990 1022 officium,
1017 926 1120 1000 verbi
1138 945 1214 1022 gra·

161 1037 241 1126 tia,
265 1032 449 1105 honorans
470 1043 635 1122 parentes
656 1041 698 1101 ut
713 1043 908 1121 patenter,
933 1026 1060 1100 fratres
1083 1040 1124 1098 ut
1145 1025 1214 1098 ira·

162 1148 257 1211 tree,
280 1125 553 1220 filiosutfilioa,
580 1126 768 1223 episcopos
779 1142 820 1198 ut
834 1126 1045 1221 episcopos,
1065 1127 1214 1219 presby·

161 1245 262 1306 teror
281 1244 323 1302 ut
340 1230 595 1322 presbyteros,
622 1227 796 1300 diaconos
812 1239 854 1298 ut
869 1224 1064 1316 diaconos,
1090 1223 1214 1298 fideles

162 1327 360 1422 utfideles,
386 1323 1028 1414 catechur'nenoautcatechumenos3
1054 1325 1215 1398 fiornnia

161 1430 331 1505 omnibus
352 1427 504 1520 reddat,
529 1428 617 1500 nulli
634 1426 743 1500 debet
756 1423 922 1499 officium.
973 1424 1013 1516 Si,
1026 1444 1117 1497 vero
1134 1423 1216 1498 red·

161 1530 249 1606 dere
273 1528 402 1622 debet,
429 1526 556 1600 &non
576 1526 715 1621 reddit,
746 1547 821 1599 nou
844 1522 964 1617 potest
982 1524 1124 1598 dicere:
1149 1547 1216 1596 nnn

161 1628 270 1717 deun
297 1647 376 1701 cum
396 1629 490 1701 enini
509 1626 699 1718 debuerit,
724 1645 800 1700 non
822 1622 974 1700 exolvit.
1027 1625 1138 1723 Quod
1156 1646 1216 1702 au·

159 1740 237 1800 tem
251 1725 425 1819 seqnitur,
451 1750 515 1796 mn
531 1727 637 1800 daban
650 1725 735 1797 mihi
749 1729 935 1823 quisquam,
959 1723 1215 1822 ficintelligen·

160 1828 247 1900 dum
267 1824 342 1899 est:
376 1846 445 1922 ego
470 1826 611 1918 quidem
635 1823 801 1899 foenerari
823 1826 954 1918 volui,
991 1824 1214 1921 &spiritales

161 1927 334 2026 pecunias
355 1925 614 2018 commodare,
644 1919 704 1998 sed
721 1925 772 1996 illi
789 1939 999 2000 averterunt
1020 1945 1122 1999 aures
1137 1925 1213 2004 suas

161 2029 209 2099 ab
225 2027 286 2113 iia,
312 2045 389 2117 qua
406 2026 635 2115 dicebantur,
659 2044 777 2115 neque
794 2025 992 2110 voluerunt
1009 2026 1167 2118 prebere
1179 2028 1214 2103 se

150 2125 324 2212 dociles,
349 2137 392 2197 ut
405 2125 489 2198 mihi
506 2124 698 2215 deberent,
725 2144 800 2215 quae
822 2123 1022 2200 audiebant.
1072 2124 1213 2203 idcirco

161 2244 242 2305 non
269 2223 392 2296 debuit
419 2224 504 2296 mihi
525 2224 719 2315 quisquam.
777 2220 912 2314 Siquis
934 2225 1027 2299 enim
1055 2228 1216 2308 voluerit

161 2323 363 2413 sermones,
389 2324 449 2413 qui
465 2322 658 2415 dicuntur,
683 2321 824 2411 audire,
852 2323 994 2399 debitor
1010 2321 1053 2399 fit
1068 2347 1214 2422 eorum,

162 2425 199 2496 ἃ
223 2421 314 2513 quasa
337 2421 479 2493 debitor
504 2422 609 2497 etiam
629 2420 748 2520 usurae
771 2421 920 2496 reddere
939 2424 1100 2520 exigitur.
1155 2424 1214 2502 Ex

162 2543 237 2614 quo
251 2522 359 2616 magis
369 2522 513 2613 expedit
526 2522 746 2598 auditoribus
761 2524 923 2615 accipere
937 2522 1123 2616 discipline
1131 2549 1216 2600 ver-

160 2626 210 2697 ba
227 2643 306 2695 curn
328 2620 489 2712 foenore,
516 2618 643 2698 &fieri
663 2620 874 2712 debitores,
902 2644 1005 2713 quana
1025 2645 1102 2700 non
1124 2628 1216 2701 acci·

157 2740 266 2815 pere,
291 2741 360 2792 nec
377 2720 518 2797 debere.
556 2719 922 2812 Accusanturqnippe
941 2724 1048 2812 tales,
1073 2722 1218 2805 dicente

160 2821 362 2912 Prophetae
387 2824 467 2894 Nm
486 2821 593 2892 debuit
607 2822 687 2892 mihi
701 2823 875 2917 qnisquam,

242 2941 274 3008 ς.
300 2919 413 3016 Quod
425 2921 491 2993 ait:
519 2925 594 2992 Heu
607 2922 691 2990 mibi
701 2944 766 2992 mea
777 2936 896 3008 mater,
921 2945 1016 3018 quare
1026 2947 1072 2993 me
1082 2924 1219 3023 genuisti

160 3025 293 3106 virum,
319 3025 375 3114 qui
387 3023 506 3116 judicer,
519 3018 558 3097 U
574 3021 732 3109 discernar
745 3026 831 3092 omni
844 3018 959 3093 terra?
984 3043 1060 3096 non
1078 3022 1125 3096 slc
1142 3023 1217 3100 exi·

160 3119 266 3194 stirno
284 3122 483 3192 convenire
498 3121 571 3196 aliis
593 3119 779 3212 prophetis
799 3133 841 3192 ut
853 3120 1031 3213 Jeremiae:
1056 3125 1158 3198 multi
1177 3124 1218 3198 fl-

162 3221 305 3312 quidem
330 3220 585 3314 prophetarum
610 3217 691 3311 post
715 3219 859 3307 aliquod
885 3219 1062 3314 spatium,
1099 3223 1217 3318 primo

162 3320 270 3410 mali,
297 3319 332 3393 ἀ
344 3320 415 3410 jarn
430 3318 511 3411 post
528 3335 677 3410 peccata
698 3318 883 3411 conversi,
910 3320 1127 3414 prophetare
1147 3343 1218 3396 coa·
1246 3407 1248 3412 ,

160 3432 313 3519 petunt:
338 3418 506 3511 Jeremias
522 3438 613 3490 vero
627 3439 645 3489 a
659 3437 775 3511 puero
794 3416 932 3511 sumpiit
948 3420 1217 3500 vaticinationis

162 3517 362 3595 exordium.
413 3517 462 3589 Et
480 3518 583 3610 hujus
599 3520 651 3591 rei
666 3515 844 3611 poffurnus
861 3517 905 3591 de
923 3517 1104 3615 scripturis
1125 3523 1217 3598 acci·

162 3637 250 3714 pere
273 3616 524 3694 testimoninm.
573 3616 675 3691 Isaiae
695 3615 953 3692 nonaudivit:
985 3619 1166 3720 Απιψωη
1184 3638 1217 3696 tr

160 3713 366 3816 plasmaretur,
391 3727 430 3787 m
450 3732 539 3795 utera
554 3723 633 3794 awa·
649 3733 705 3802 te,
728 3716 767 3792 (Ἰ
781 3733 951 3817 antequam
965 3722 1065 3798 exires
1087 3723 1123 3800 de
1141 3723 1217 3795 eai-

162 3839 237 3906 να,
258 3815 459 3908 santificavi
481 3832 539 3911 tr,
566 3816 606 3898 (ὅ
621 3817 810 3917 prophetam
833 3819 871 3888 in
887 3820 1037 3916 gentibus
1053 3822 1144 3918 posui
1164 3840 1230 3910 ter,

163 3935 283 4004 neque
304 3918 374 3992 aita
401 3919 513 4005 luscio
527 3915 637 4014 ioqui,
659 3921 736 4016 quia
750 3922 885 4012 juvenis
899 3944 949 4015 ege
960 3919 1055 4012 sm:
1080 3920 1141 4000 sed
1164 3923 1219 3996 vi·

163 4014 264 4092 sloue
279 4014 340 4090 fibi
358 4022 536 4112 revelata,
562 4018 629 4096 ait:
660 4019 811 4092 vamina·
823 4021 953 4110 misero,
978 4027 1125 4119 quaint»
1140 4045 1221 4095 um·

161 4115 303 4219 penditis
319 4116 416 4203 sum,
448 4121 523 4214 quia
541 4119 705 4193 immunda
724 4117 808 4191 labia
825 4120 964 4208 babens,
998 4124 1036 4194 in
1055 4123 1152 4198 nediu
1164 4140 1218 4217 pa·

156 4216 233 4324 puli
250 4218 411 4292 immunda
431 4218 514 4292 labia
534 4218 683 4288 habentis
699 4243 749 4312 ego
770 4218 903 4309 habito,
929 4229 969 4298 σ
987 4242 1081 4313 mem
1105 4223 1218 4294 nomo

160 4316 371 4400 masadan
391 4315 574 4396 virdunus
595 4321 699 4501 Ἥ,
733 4316 911 4418 (ineman
925 4320 968 4426 ιβ
990 4321 1035 4400 ed
1050 4346 1104 4396 nna
1121 4339 1234 4488 aaa?

686 4438 724 4496 ¹¹¹
749 4437 771 4518 8
