2734 4859
767 705 933 786 IN
1028 705 2068 808 JEREMLAM:
2283 731 2425 809 773
2573 763 2585 770 -

184 867 209 938 ὲ
290 873 487 956 ,enim
517 871 817 968 amplius
846 871 1233 970 Jerusalem
1259 873 1520 969 Judaeae
1551 873 1746 970 regin
1765 872 2243 968 metropolis,
2277 891 2427 980 pec

282 973 505 1050 -Ifi‘ael
540 974 683 1048 Dei
721 976 1034 1067 populus
1078 976 1502 1068 appellatur.
1903 1070 1908 1073 θ

426 1078 563 1152 .16.
623 1076 717 1147 Et
772 1081 901 1146 erit
947 1075 1116 1145 mihi
1158 1076 1422 1146 verbnm
1466 1093 1652 1146 tuum
1692 1077 1770 1144 in
1808 1073 2161 1164 laetitiam]
2229 1072 2427 1151 Nam

174 1200 209 1242 s
294 1174 423 1248 etfi
464 1176 536 1246 in
575 1172 946 1269 praesentia
984 1174 1291 1250 verbum
1332 1186 1538 1247 tuum
1570 1172 1658 1249 nd
1698 1176 2032 1267 vincula,
2088 1172 2176 1247 ad
2218 1174 2428 1272 lites,

169 1303 203 1346 e
292 1274 384 1348 ad
418 1276 891 1362 vexationes,
945 1275 1032 1349 ad
1066 1276 1685 1369 vituperationes,
1741 1275 1829 1346 ad
1869 1275 2214 1362 dolores3
2261 1269 2424 1354 finit

289 1387 534 1448 tamen
567 1375 830 1450 horum
868 1375 1005 1449 erit
1046 1376 1120 1449 in
1153 1375 1513 1450 laetitiam:
1579 1372 1776 1466 quod
1816 1373 2206 1448 christianis
2247 1394 2426 1454 con-

170 1477 201 1546 ,ἐ
288 1475 487 1571 gruit
532 1476 717 1548 male
775 1475 1033 1549 habitis
1080 1473 1149 1549 6:
1196 1475 1482 1570 praemia
1533 1469 2158 1568 exspestantibus,
2235 1495 2422 1568 quos

169 1607 191 1646 a
291 1575 510 1648 etiam
556 1595 640 1648 ea
675 1574 913 1648 dicere
959 1574 1223 1650 decet:
1290 1576 1630 1669 quoniam
1670 1575 2096 1647 invocatum
2141 1569 2248 1654 est
2285 1595 2424 1648 no-

169 1709 179 1750 :
284 1693 458 1748 rnen
512 1683 716 1750 tuum
750 1673 957 1768 super
1007 1697 1123 1749 me
1165 1674 1485 1751 Domine
1522 1675 1992 1770 omnipotens
2024 1723 2051 1767 ,
2104 1673 2174 1748 δι
2220 1671 2426 1750 Chri-

276 1771 436 1847 ·stus
477 1775 931 1870 nomenipfis
975 1775 1096 1851 est.

449 1893 561 1966 17.
616 1877 781 1948 Non
802 1875 937 1966 sedi
966 1882 1041 1948 in
1071 1875 1337 1967 conceffic
1380 1874 1636 1973 istorum
1677 1875 2097 1967 ludentium]
2153 1870 2427 1947 Conci-

169 2007 185 2038 =
282 1973 463 2048 lium
503 1972 687 2048 serio
727 1977 1091 2073 agentium
1141 1976 1289 2068 est,
1357 1991 1442 2048 ut
1493 1977 1733 2050 omnia
1769 1974 2078 2051 studiose
2117 1987 2422 2071 agantur

286 2073 504 2168 digna
536 2073 771 2148 studio
801 2129 828 2169 ‚
888 2077 1096 2168 juxta
1127 2077 1326 2168 quod
1367 2075 1627 2148 dicitur
1660 2074 1963 2151 studium
2011 2077 2207 2166 vita,
2281 2071 2420 2147 stu-

284 2171 481 2247 dium
532 2172 740 2249 actio.
858 2176 1293 2250 Ludentium
1340 2195 1530 2249 vero
1565 2176 1957 2250 concilium
1991 2225 2014 2257 ,
2083 2173 2418 2266 deposito

282 2292 529 2347 rerum
569 2273 1112 2351 necess'ariarum
1160 2274 1444 2369 studio,
1492 2278 1564 2349 in
1591 2275 1880 2350 ludicris
1933 2276 2140 2369 hujus
2187 2273 2421 2350 saeculi

283 2389 777 2567 οσεῗξῗῖἓιῖω
796 2473 1128 2572 fidebam]
1175 2474 1585 2550 AEmuletur
1604 2476 1758 2567 quis
1786 2475 1933 2548 hoc
1959 2475 2213 2548 videns
2240 2473 2446 2547 mni--

169 2547 203 2634 ss
282 2572 672 2651 titudinem
723 2577 1289 2669 delinquentium
1347 2595 1502 2648 non
1555 2573 1905 2649 ferentem
1963 2596 2124 2649 eum
2193 2573 2420 2649 vitam

194 2717 207 2754 ·,
279 2672 467 2769 juste
513 2678 1033 2753 traducentem.
1136 2674 1337 2749 Talis
1382 2691 1537 2749 erat
1571 2677 1640 2752 ,δι
1677 2675 1868 2752 Elias
1908 2675 2204 2749 dicens:
2289 2681 2421 2756 ,Da-

169 2823 211 2868 .
288 2785 464 2846 mine
482 2796 600 2874 pro
639 2778 822 2849 heras
854 2795 995 2849 tuos
1023 2779 1414 2860 occiderunt,
1463 2778 1708 2849 altaria
1744 2793 1862 2850 tua
1886 2777 2248 2872 effuderunt
2270 2819 2294 2856 ›
2344 2776 2425 2852 (5

234 2993 247 3006 κ

169 3027 185 3052 Ι
204 3028 213 3046 Ι

170 2915 209 2948 ,ι
276 2897 399 2968 ,ego
432 2882 547 2948 reli
616 2901 692 2946 us
714 2880 859 2966 sum
874 2877 1089 2968 filus,
1135 2876 1216 2956 δ’
1262 2892 1564 2975 querunt
1599 2881 1882 2948 animam
1919 2899 2113 2948 meam
2151 2883 2422 2968 accipere

169 2931 211 2984 ’ἡ

288 2998 447 3051 eam.
549 2974 777 3051 Forte
820 2997 1051 3069 vem,
1126 2979 1246 3068 qui
1295 2977 1518 3048 vitam
1558 2997 1598 3048 a
1637 2977 1878 3050 multis
1920 2975 2221 3049 alienam
2264 2993 2418 3048 non

276 3075 531 3169 ducit,
585 3075 774 3151 haud
822 3077 1062 3169 potest
1098 3076 1374 3149 dicere:
1407 3071 1612 3149 Solus
1644 3075 1946 3164 sedebam.
2051 3076 2197 3176 Qui
2234 3093 2420 3146 vero

169 3233 207 3250 -
286 3177 517 3249 vitam
550 3177 739 3274 agit,
793 3197 1001 3268 quam
1039 3176 1294 3250 imitari
1331 3165 1612 3248 difficile
1643 3175 1726 3250 fit
1753 3223 1780 3258 ,
1831 3175 1974 3264 ita,
2027 3189 2108 3246 ut
2148 3174 2424 3248 nullum

169 3338 204 3384 ί

169 3261 203 3280 ”’
274 3276 415 3364 ,fibi
445 3277 732 3352 fimilem
759 3275 1021 3351 habeat
1051 3278 1122 3350 in
1155 3276 1526 3369 moribus,
1581 3276 1652 3347 in
1687 3274 2055 3355 sermone,
2108 3275 2177 3344 in
2211 3272 2425 3345 aftio·

286 3379 502 3454 nibus
539 3376 607 3452 δι
644 3376 1025 3470 sapientia,
1091 3397 1244 3449 non
1280 3376 1682 3472 incongrue
1717 3376 1980 3447 dixerit
2010 3424 2036 3465 ‚
2091 3371 2315 3445 solum
2352 3369 2424 3447 se

286 3480 556 3554 sedere.
652 3478 865 3551 Solus
899 3497 1190 3568 quoque
1226 3474 1464 3566 sedet,
1516 3476 1634 3566 qui
1673 3475 2057 3570 pastionum
2101 3473 2422 3547 multitu-

169 3641 197 3658 .
289 3581 458 3654 dine
496 3599 648 3653 non
680 3592 1030 3664 vexatur,
1082 3573 1199 3650 sed
1234 3576 1321 3649 ad
1356 3592 1672 3650 mentem
1702 3589 1904 3649 totus
1935 3594 2298 3666 unumque
2322 3567 2424 3646 se·

170 3665 197 3684 ‘⁹
288 3678 520 3772 ceffit,
575 3677 770 3769 quod
802 3678 876 3750 in
908 3676 1060 3770 ipso
1105 3673 1229 3749 est.

448 3802 555 3872 17.
607 3781 933 3872 Quoniam
964 3775 1397 3849 amaritudine
1437 3777 1713 3874 repletus
1737 3772 1934 3870 sum]
1991 3770 2308 3868 Angusta
2346 3747 2416 3844 6⁴:

169 3847 189 3988 ζ’
284 3879 476 3953 ιιι-ἂι
524 3881 647 3952 via
710 3876 867 3969 est,
947 3898 1100 3969 quoe
1173 3876 1374 3949 ducit
1426 3877 1508 3948 ad
1565 3878 1811 3950 vitam.
1919 3873 2419 3949 Amat-itudine

285 3978 671 4056 fruendum
705 3977 808 4052 est
839 3980 911 4051 in
944 3979 1078 4052 hac
1111 3978 1263 4050 vita
1290 3976 1356 4049 δι
1393 3977 1586 4058 nulla
1609 3976 1984 4049 fruendum
2014 3974 2417 4046 dulcedine.

210 4119 219 4126 -
291 4078 476 4154 Cum
508 4079 738 4169 enim,
796 4081 934 4165 ait,
975 4079 1291 4151 celebras
1328 4097 1615 4169 azyma,
1655 4074 1861 4169 super
1890 4075 2190 4147 lactucas
2225 4093 2426 4166 agre-

286 4180 428 4258 stes
458 4180 840 4267 comedes;
896 4178 961 4250 &
980 4178 1025 4253 fi
1052 4176 1333 4269 Azyma
1358 4175 1776 4250 finceritatis
1807 4176 1873 4249 &
1903 4175 2226 4247 veritatis
2261 4170 2420 4245 sunt

284 4278 677 4361 secundum
724 4279 1044 4353 divinum
1090 4275 1529 4372 Apostolum
1559 4314 1587 4370 ‚-
1623 4279 1782 4370 ,qui
1829 4275 1923 4350 s1c
1970 4298 2052 4346 ea
2103 4273 2421 4350 comedit

275 4379 545 4458 ‚Paulus
562 4421 603 4475 ‚·
622 4378 690 4453 δι
716 4399 981 4455 amaras
1000 4378 1419 4550 comedgat
1448 4375 1756 4453 lactucas
1781 4371 2077 4460 dicensz,
2113 4378 2419 4563 {rugans

1352 4496 1394 4549 c
1420 4497 1463 4550 c
1517 4497 1564 4573 ⁴5
1691 4520 1698 4526 -
1899 4539 1914 4548 ,
2159 4498 2202 4540 o.
2263 4495 2344 4537 vus
