2734 4859
560 636 587 696 τ.
787 621 2020 708 n0M1L²1AJxx=
2219 648 2368 730 7⁴19

231 813 332 874 eo
366 845 392 888 ‚
464 789 583 886 qui
618 787 721 866 est
763 790 955 885 quafi
977 792 1183 866 incus
1219 788 1680 868 indomabilis
1709 841 1738 883 ‚
1785 784 2246 866 nihiltamn
2283 790 2366 870 in

230 914 453 977 manu
504 892 700 984 Dei,
778 891 846 966 δι
890 892 964 966 in
1008 887 1396 986 conspeetu
1437 891 1616 983 ejua.
1645 887 2034 974 consistens
2083 890 2370 998 adamae

234 995 664 1093 perpetitur.
766 989 943 1066 Duo
987 992 1241 1083 itaque·
1261 985 1832 1066 contraria-sunt·
1850 991 2203 1066 adamanti
2224 989 2368 1087 isti,

236 1098 535 1173 malleus
568 1091 635 1166 &
665 1092 868 1164 incus
898 1089 1488 1194 improducibilis,
1584 1089 1742 1186 μω
1769 1087 2132 1182 quoddam
2161 1087 2268 1166 est
2287 1091 2369 1167 ἁ

241 1193 431 1289 apud
466 1193 799 1265 nationes
840 1192 1091 1264 tritum
1134 1190 1333 1286 vulgi
1364 1187 1694 1264 sermone
1719 1192 2190 1285 proverbium
2205 1199 2373 1285 ,ut

169 1315 195 1382 ,ε
244 1297 337 1368 de
374 1295 520 1383 his,
574 1295 694 1384 qui
726 1289 1201 1364 anxietatibus
1237 1290 1305 1365 δι
1345 1291 1756 1387 ingentibus
1796 1289 1996 1364 malis
2029 1309 2370 1388 premun-

240 1410 404 1486 tur,
458 1393 733 1480 dicant,
784 1393 973 1465 inter
1002 1391 1333 1466 malleum
1364 1389 1529 1465 sunt
1553 1388 2000 1468 &incude-r.
2101 1383 2226 1464 Tu
2246 1412 2372 1478 au·

241 1509 394 1568 tem
440 1494 588 1564 hoc
618 1489 845 1563 refers
878 1490 966 1563 ad
1000 1488 1462 1566 zabulum&
1498 1491 1888 1566 draconem
1910 1539 1936 1582 ,
1988 1488 2108 1583 qui
2143 1489 2374 1567 istius-

169 1635 197 1678 ι
240 1593 443 1672 modi
473 1590 744 1683 semper
785 1592 859 1662 in
883 1587 1241 1682 scripturis
1274 1591 1814 1684 pro-varietate
1842 1587 2372 1667 causarumnoe·

169 1741 197 1778 .
241 1692 557 1770 minibus
577 1689 1076 1784 infigniuntur:
1126 1689 1444 1786 &dicia‚,
1486 1688 1651 1785 quia
1675 1687 1986 1770 sanstus,
2035 1690 2156 1782 qui
2181 1691 2374 1784 quati

169 1871 195 1882 ,
243 1811 492 1868 murus
513 1789 997 1864 adamantinus
1020 1842 1047 1884 ,
1098 1791 1222 1864 vel
1247 1789 1324 1864 in
1354 1811 1572 1866 manu
1595 1785 1898 1864 Domini
1927 1788 2206 1864 adamas
2235 1789 2372 1887 est,

169 1939 199 1986 ς
242 1913 403 1982 pon
440 1905 644 1962 curet
692 1910 930 1983 neque
968 1891 1059 1964 de
1093 1891 1356 1964 malleo
1382 1938 1410 1972 ,
1459 1909 1698 1985 neque
1739 1891 1830 1966 de
1863 1887 2178 1984 incude,
2249 1889 2374 1968 sed

169 2037 197 2082 .-
248 2005 524 2082 quanto
578 1991 737 2083 plus
780 1988 995 2064 caesus
1034 1987 1256 2064 fuerit
1284 2043 1313 2085 ,
1364 2006 1574 2067 tanto
1611 1990 1770 2084 plus
1812 1990 1967 2083 eJ'ua
2017 1990 2374 2068 virtutem

169 2175 187 2188 ,
243 2086 760 2184 splendescere.
858 2087 1092 2164 Aiunt
1122 2111 1297 2185 eoa,
1348 2091 1470 2184 qui
1497 2089 2040 2168 mercimoniam
2057 2090 2377 2186 lapidum
2529 2123 2540 2128 ·

169 2239 187 2286 ς
246 2201 636 2281 exercent,
676 2205 893 2280 quum
927 2189 1300 2265 voluerint
1319 2193 1632 2286 probare
1658 2189 2134 2283 adamantem,
2169 2189 2383 2285 igno-

169 2337 185 2382 ς
249 2310 494 2366 rantes
550 2303 791 2362 utrum
840 2287 937 2396 fit·
964 2288 1244 2364 adamas
1284 2311 1601 2367 an·non
1637 2290 1777 2374 fit,
1829 2288 2164 2386 quamdiu
2205 2293 2378 2366 mal-

169 2443 185 2490 2
245 2395 447 2470 leum
476 2388 541 2462 ἀ
571 2387 903 2464 incudem
932 2409 1089 2464 non
1118 2391 1574 2467 invenerint:
1625 2404 2068 2466 tunc-autem
2095 2389 2379 2483 persua·-

169 2521 181 2554 :
240 2491 405 2584 'deri
452 2486 592 2563 ess'e
629 2487 1058 2566 veriffimum
1104 2487 1594 2587 adamantem,
1643 2491 1694 2565 fi
1726 2491 2118 2567 indomitus
2150 2487 2378 2586 lapis,

248 2593 307 2672 fi
346 2593 534 2664 inter
578 2589 913 2662 incudem
974 2588 1043 2664 δι
1078 2591 1425 2667 malleum
1461 2589 1886 2686 perseverat
1916 2642 1942 2690 ,
2015 2589 2066 2665 fi
2121 2610 2380 2684 percu-

248 2693 482 2767 tiente
526 2688 825 2782 desuper
866 2691 1169 2786 malleo,
1219 2690 1584 2769 &incude
1614 2689 1970 2788 supposita
2001 2691 2254 2766 durior
2283 2693 2383 2768 la·

248 2790 503 2890 pidum
540 2804 796 2864 natura
838 2790 1258 2892 compingit.
1356 2785 1558 2867 Talis
1593 2793 1708 2865 vir
1745 2792 1884 2867 est:
1934 2804 2104 2867 ante
2129 2803 2380 2868 -tentn-

250 2892 501 2966 tiones
540 2889 627 2962 ab
668 2891 777 2964 his
820 2890 937 2982 qui
982 2891 1297 2985 probare
1328 2892 1600 2991 lapides
1645 2891 2015 2985 nesciunt,
2089 2891 2382 2988 ignora·-

248 3005 403 3066 tur.
505 2988 891 3064 Certissime
921 3005 1158 3066 autem
1187 2993 1408 3065 novit
1435 2991 2046 3067 adamantinorum
2064 2990 2384 3083 lapidum

253 3099 591 3170 naturam
630 3088 819 3164 solus
859 3090 1064 3165 Deus
1110 3091 1430 3188 plurimis
1485 3092 1909 3190 ignoratam.
2027 3089 2188 3187 Ego
2234 3089 2385 3183 ipse

248 3191 497 3268 adhuc
528 3190 775 3263 nescio
818 3205 1057 3267 utrum
1084 3190 1432 3266 veniente
1465 3192 1728 3267 malleo
1750 3244 1776 3285 ,
1831 3192 1900 3266 ἃ
1927 3188 2386 3285 percutiente

252 3313 389 3374 me
414 3289 823 3386 confringar
857 3290 925 3362 δι
954 3307 1294 3368 conterar
1319 3343 1345 3386 ,
1399 3289 1774 3367 convictus
1821 3291 1986 3384 quia
2029 3310 2183 3365 non
2231 3286 2384 3368 sum

262 3390 590 3468 adamas:
644 3411 733 3463 an
778 3405 979 3464 certe
1020 3412 1235 3466 verus
1282 3391 1560 3467 adamas
1597 3392 1930 3468 ostendar
1971 3389 2022 3464 sr
2052 3392 2388 3487 ingruen-

260 3494 463 3568 tibus
497 3486 1149 3585 persecutionibus,
1186 3491 1568 3586 periculis,
1613 3491 2184 3585 tentationibus,
2237 3503 2388 3567 tam

262 3591 631 3667 contritus
672 3587 881 3664 fuero
930 3591 1019 3664 ad
1055 3590 1233 3666 ictus
1283 3591 1517 3668 mallei
1562 3607 1769 3684 quarn
1814 3592 2187 3688 probatu&
2287 3585 2390 3666 Et

262 3707 351 3766 tu
377 3688 522 3786 ipse
558 3709 900 3786 percurre
937 3689 1313 3786 scripturas
1341 3744 1368 3787 ,
1421 3691 1492 3765 ec
1521 3711 1758 3782 quaere
1787 3741 1812 3775 ,
1862 3690 1910 3765 fi
1944 3691 2139 3783 quod
2170 3703 2388 3785 potes

264 3793 599 3870 invenire
639 3788 1013 3888 vestigium
1049 3793 1239 3866 bene
1275 3814 1314 3865 a
1354 3790 1524 3865 Deo
1557 3792 1926 3884 promitti,
1971 3805 2058 3863 ut
2091 3791 2389 3864 malleus

265 3890 736 3992 percutienda
765 3891 1161 3987 percutiat·
1250 3889 1482 3966 Verbi
1523 3894 1747 3986 gratia
1773 3887 2032 3966 dietum
2068 3889 2173 3969 sit.
2268 3888 2393 3965 Ad

266 3993 812 4090 intelligentiam
860 3992 1049 4065 enim
1094 3989 1589 4066 obscuriorum
1631 3989 2002 4067 sumuntur
2039 3991 2390 4083 exempla.

269 4093 347 4168 Si
382 4094 674 4168 maneus
698 4110 849 4165 non
887 4089 1099 4185 effet,
1148 4111 1303 4167 non
1336 4090 1512 4166 esset
1539 4093 1710 4166 tuba
1740 4087 2196 4186 productilis,
2234 4110 2392 4182 quae

267 4195 479 4294 juxta
514 4193 784 4291 Legem
819 4191 908 4264 ad
947 4187 1434 4268 solemnitates
1474 4189 1616 4265 Dei
1653 4193 1974 4266 excutiat
2000 4242 2024 4282 ,
2076 4209 2232 4281 quae
2274 4209 2393 4262 au-

266 4294 624 4391 dientium
684 4291 962 4370 animes
1014 4293 1352 4394 clangore
1402 4285 1532 4368 suo
1575 4291 1918 4376 ,accendit
1965 4288 2392 4464 ughellium.

2106 4409 2234 4463 ece
2264 4409 2296 4449 -·
