2734 4859
104 541 110 562 '
164 525 169 540 ’
199 587 249 684 92
316 527 558 657 onrosuu
579 571 640 650 us
665 569 941 652 cuuncusr
966 507 1169 654 cunule.
1217 559 1251 604 '·

138 733 143 748 '
202 745 237 818 'ei
245 757 386 842 puteum,
439 739 601 812 Fuderunt
621 739 709 811 illurn
718 740 902 835 principer,
926 738 1119 812 escenderunt
1138 761 1210 812 m
1223 763 1277 814 re-

202 870 254 940 ges
266 848 414 938 gentium
439 845 477 912 r‘n
498 839 684 933 regnasua,
709 863 778 910 curn
798 841 1009 912 dominentur
1029 862 1146 917 eururra.
1198 840 1272 918 Sed

200 945 317 1018 dehis
336 941 476 1036 plenius
492 938 529 1013 in
550 937 797 1014 Numerorum
815 939 932 1030 libro,
957 939 1148 1015 secundum
1170 941 1272 1034 quod

148 1081 153 1088 ·
201 1043 302 1118 dedit
321 1040 427 1117 nobis
445 1039 648 1132 Dominus,
671 1037 802 1114 ditium
816 1036 877 1114 est.
905 1038 1068 1132 Oportet
1080 1040 1189 1137 igitur
1207 1061 1272 1116 ve·

199 1145 281 1221 nire
296 1143 338 1216 ad
357 1154 529 1236 puteum,
556 1139 615 1233 qui
630 1161 651 1210 a
666 1139 886 1235 principibus
902 1137 1013 1212 follus
1031 1137 1103 1231 est,
1131 1139 1198 1214 &a
1214 1153 1272 1216 ro·

201 1246 306 1340 gibus
323 1238 471 1315 excusus
487 1237 564 1331 est,
591 1239 628 1311 in
643 1258 717 1330 quo
741 1258 854 1333 opere
869 1259 979 1312 nemo
999 1239 1161 1332 plebeius
1180 1261 1270 1334 ope·

200 1359 326 1434 ratur,
353 1340 412 1414 sed
430 1358 557 1413 ornnes
582 1341 784 1434 principes,
818 1358 945 1414 omnes
968 1358 1091 1435 reges,
1126 1343 1268 1437 regales

199 1441 337 1519 scilicet
359 1438 624 1533 &principales
645 1440 796 1528 anirnae,
823 1459 899 1530 quae
920 1439 1142 1514 altitudinem
1165 1439 1269 1533 putei

201 1563 327 1634 aquam
343 1541 467 1614 vivant
483 1539 704 1613 continentis
726 1539 920 1630 inquirunt.
971 1537 1055 1612 Post
1076 1539 1166 1613 illud
1184 1559 1269 1614 cen·

200 1643 313 1714 ticum
326 1641 473 1712 venitur
488 1639 533 1712 ad
544 1637 823 1714 Deuteronomii
842 1640 1042 1732 canticum,
1071 1640 1116 1712 de
1128 1657 1203 1733 quo
1217 1639 1270 1716 di·

200 1743 252 1814 oit
265 1741 466 1815 Dominus:
494 1741 543 1812 Er
561 1763 649 1808 nunc
654 1740 788 1828 scribite
802 1739 892 1809 vebis
906 1739 1005 1809 uerba
1016 1743 1133 1810 cantici
1151 1739 1265 1839 hujus,

197 1844 242 1930 θ’
259 1843 360 1934 docete
379 1840 457 1910 ruer
472 1839 564 1930 filios
582 1839 705 1928 Israel,
731 1840 770 1914 U
787 1843 909 1938 injicite
927 1841 1004 1910 iuro
1025 1847 1063 1909 r'rs
1084 1863 1118 1909 er
1139 1863 1266 1930 aurun,

197 1957 241 2014 ur
254 1943 321 2032 fier
342 1941 426 2010 midi
445 1945 602 2009 canticum
618 1938 697 2036 iflud
712 1941 753 2010 ad
770 1940 979 2036 testimonium
1001 1947 1039 2010 in
1049 1941 1138 2032 filiis
1158 1936 1267 2030 Israel.

92 2059 96 2070 “
196 2039 249 2117 Et
270 2039 382 2131 vide,
416 2052 588 2131 quantum
606 2037 641 2111 dr
660 2040 764 2131 quale
783 2039 826 2112 srt
846 2041 1025 2114 canticum
1047 2037 1168 2132 istud,
1205 2039 1266 2114 cui

197 2141 241 2214 nd
260 2139 473 2213 audiendum
497 2153 593 2210 terra
617 2158 694 2211 non
715 2136 867 2232 sufficit,
901 2137 960 2212 led
980 2153 1212 2214 convocatur
1229 2141 1266 2214 dc

198 2242 338 2314 colum.
388 2237 455 2309 Ait
472 2237 584 2310 enim:
610 2240 890 2328 Atrendecoelunr,
915 2242 1129 2336 praeloquar,
1155 2239 1265 2318 &eu-

197 2342 270 2411 dier
288 2355 376 2409 terra
398 2337 545 2407 uerbaex
565 2363 617 2407 ore
637 2361 710 2407 meo.
759 2339 877 2430 Vide,
905 2361 1009 2431 quom
1022 2360 1148 2436 magna
1168 2338 1262 2433 slot,

139 2495 142 2500 .
195 2459 300 2531 quarn
318 2437 495 2534 ingentia,
521 2457 599 2529 quae
614 2436 793 2513 dicuntur.
849 2438 1061 2534 Expelierur,
1090 2441 1158 2534 ait,
1176 2443 1264 2535 ficet

188 2540 306 2638 pluvia
318 2539 471 2634 eloquium
483 2562 602 2623 meum,
628 2547 668 2613 (9·
689 2538 939 2633 desceudutficut
958 2565 1004 2609 ror
1015 2542 1111 2636 super
1119 2565 1264 2634 gramm,

192 2639 321 2734 &ficut
339 2644 403 2706 nix
418 2636 669 2732 superfuerunt,
701 2644 777 2735 quia
800 2663 913 2709 nomen
934 2646 1068 2708 Dorrrr'rrr'
1089 2644 1260 2728 invocavi,

191 2739 227 2812 u
247 2740 394 2827 reliqua.
447 2739 625 2836 Quartum
645 2738 821 2811 canticum
840 2737 938 2811 estin
961 2739 1055 2811 libro
1069 2738 1259 2833 Judicunr,

192 2839 327 2929 dequo
347 2835 515 2930 scriptum
531 2836 605 2910 est:
636 2840 683 2910 Et
697 2843 846 2907 cantavit
867 2838 1005 2910 [labbara
1021 2840 1061 2913 ὕ
1079 2843 1262 2934 Barachfl.

190 2937 256 3010 lius
268 2938 418 3010 Abinoerrr
436 2939 539 3007 indie
557 2940 623 3021 ida,
639 2940 795 3009 dicenter:
822 2937 1006 3034 Incipiendo
1011 2941 1206 3036 principales
1223 2946 1261 3012 in

191 3041 289 3129 Israel
305 3042 342 3107 r'n
352 3038 505 3134 propufito
524 3037 630 3132 prpuli
649 3038 818 3108 benedicite
834 3041 1019 3111 Dominum.
1072 3042 1191 3112 Audite
1207 3065 1258 3112 re·

184 3163 257 3232 ges,
281 3138 411 3208 eurilur
431 3141 603 3232 percipite,
638 3136 672 3208 dc
699 3139 846 3227 reliqua.
898 3139 986 3212 Haec
1006 3156 1149 3231 autem,
1175 3161 1256 3231 quo

189 3240 305 3320 canit,
322 3237 396 3328 apis
415 3234 623 3328 ell‘edebet,
651 3237 751 3328 cujus
771 3257 865 3330 opus
885 3241 957 3311 tale
975 3239 1047 3333 est,
1075 3255 1182 3311 uteo
1204 3260 1259 3314 re·

186 3357 249 3434 ges
276 3338 310 3409 dr
333 3337 536 3411 mediocres
564 3350 714 3408 utantur
747 3336 790 3409 ad
817 3336 1012 3412 sanitatem.
1074 3339 1258 3416 Debboro

185 3457 340 3526 namque
357 3438 430 3528 apis
444 3436 726 3528 interpretatur,
744 3457 821 3527 quae
837 3436 928 3508 istud
943 3439 1122 3512 canticum
1138 3439 1256 3522 canit,

179 3527 244 3609 'sed
264 3535 298 3607 u
315 3536 452 3607 Barach
474 3554 554 3607 cum
574 3533 670 3626 ipsa:
697 3536 955 3628 interpretatur
977 3552 1096 3610 atttern
1115 3536 1253 3614 Barach

185 3633 401 3708 coruscatio.
439 3630 490 3705 Et
503 3633 642 3708 canitur
655 3634 747 3707 istud
762 3635 939 3709 canticum
955 3637 1036 3729 post
1049 3636 1252 3733 videtiam,

174 3736 267 3826 quia
280 3755 349 3806 nec
362 3747 446 3806 ante
463 3735 540 3824 quis
555 3733 697 3829 potest,
726 3755 803 3827 quas
814 3734 971 3827 perfetta
984 3735 1083 3828 sunt,
1106 3759 1252 3833 canere,

181 3834 246 3912 nisr
265 3835 325 3905 ubi
346 3832 566 3907 adversarios
592 3834 734 3907 vicerit.
785 3833 845 3908 Sic
873 3834 1027 3928 denique
1054 3837 1088 3910 δι
1115 3838 1252 3931 inipso

183 3935 327 4007 cantico
343 3932 492 4007 dicitur:
519 3931 665 4026 Exurge,
683 3957 804 4028 ,exurge
827 3935 984 4024 Debborae,
1011 3938 1161 4026 exsuscita
1180 3941 1253 4010 rrrr’l·

180 4035 228 4107 lia
242 4032 360 4130 popuii.
411 4031 556 4123 Exurge,
588 4057 721 4128 exurge,
754 4041 1021 4124 remeantium,
1047 4062 1159 4130 exurge
1185 4043 1251 4112 Ba·

177 4134 267 4206 rach.
319 4135 459 4208 Verum
480 4132 515 4203 dt
537 4131 583 4205 de
607 4133 661 4205 his
681 4134 821 4228 plenius
843 4134 880 4208 in
906 4136 973 4207 illis
990 4138 1250 4233 oratiunculis,

178 4251 266 4330 quas
290 4233 335 4310 de
353 4233 477 4310 libello
495 4231 663 4328 Judicum
686 4233 884 4332 edidimus,
913 4234 1056 4312 differta
1078 4241 1251 4330 reperies.

1084 4339 1201 4437 Quiu-
1263 4395 1268 4404 -
