2734 4859
203 599 252 683 aa
320 590 559 670 nmoanrs
583 591 642 702 nv
666 541 1179 708 onntrcumoanr'rc.

206 758 279 836 Sed
295 757 391 850 hssaee,
415 757 643 849 ut-diximus,
669 754 844 832 Salomon
863 767 947 830 ante
967 777 1095 832 omnes
1110 753 1279 850 invenit,

209 860 244 936 dt
262 857 389 932 docuit
406 879 472 954 per
485 855 716 952 sapientiam,
743 875 847 950 quam
860 858 1034 952 accepita
1050 855 1158 949 Deo,
1184 855 1279 930 ficut

207 957 380 1056 seriptum
399 957 477 1034 est:
512 957 561 1030 Er
577 958 664 1028 dedit
686 961 776 1031 Deras
799 959 1003 1054 prudentiam
1022 957 1210 1049 Salomoni,
1224 951 1280 1034 ,α

201 1065 400 1160 sapientiam
417 1059 552 1132 multam
567 1059 682 1147 udde,
717 1055 757 1136 dy
777 1059 983 1140 iamluddum
1002 1057 1101 1130 cordis
1112 1055 1193 1160 fiairi
1209 1069 1283 1132 aral

208 1185 307 1248 nam,
332 1159 457 1258 4⁸1!st
474 1153 516 1232 ad
527 1181 614 1232 oram
628 1151 747 1252 maris,
774 1159 814 1237 (5
830 1159 1045 1256 multiplicata
1061 1156 1101 1254 epi
1117 1163 1156 1228 in
1174 1181 1208 1228 aa
1225 1157 1285 1248 la*

207 1266 337 1362 pientia
343 1263 437 1356 saper
453 1282 558 1333 omues
572 1265 724 1358 antiquos
733 1261 819 1354 filios
828 1259 1004 1348 bominum,
1019 1255 1157 1356 &snper
1172 1258 1287 1336 am.

199 1363 366 1458 sapientes
389 1361 541 1456 AEgppri.
592 1359 766 1435 Salomon
782 1381 879 1458 ergo¹
896 1376 969 1435 tres
994 1357 1095 1448 istas,
1122 1375 1211 1450 quas
1227 1355 1287 1434 lit-t

210 1481 278 1556 pra
296 1461 448 1534 diximus
468 1461 651 1557 generales
667 1460 738 1534 ell'e
754 1457 976 1555 disciplinas,
1002 1459 1038 1533 id
1062 1457 1136 1552 est,
1161 1475 1287 1552 morat

211 1563 306 1653 lem,
331 1563 530 1634 naturalem
554 1558 859 1654 &inspediivam
888 1559 1102 1656 distinguere
1116 1559 1170 1632 nb
1187 1551 1285 1632 invi·

158 1720 161 1724 .
214 1682 313 1742 cem,
341 1681 384 1732 ac
404 1657 588 1734 secernere
605 1663 759 1754 volens,
786 1661 900 1734 tribus
921 1682 980 1734 eas
998 1659 1126 1734 libellis
1148 1655 1289 1750 ediditp

212 1758 279 1834 suo
296 1780 443 1852 quoque
460 1761 588 1834 ordine
604 1759 746 1858 singulis
762 1759 1024 1854 consequenter
1040 1756 1183 1852 aptatis.
1210 1753 1287 1832 Pd-

212 1881 277 1936 mo
299 1881 388 1955 ergo
405 1861 440 1932 in
458 1859 669 1934 Proverbiis
691 1863 863 1936 moralem
884 1861 1012 1936 docuit
1033 1861 1181 1949 locum,
1211 1853 1288 1930 suo·

127 1993 130 2000 ·
216 1958 365 2048 cindiis,
392 1975 434 2030 ut
448 1959 590 2054 decuit,
620 1961 864 2054 brevibusque
882 1959 1066 2036 sententiis
1086 1959 1172 2031 vitae
1191 1953 1290 2030 insti·

215 2071 296 2133 tuta
313 2079 550 2153 componens.
589 2057 789 2134 Secundam
804 2081 919 2153 vero,
946 2081 1024 2153 quae
1040 2057 1212 2134 naturalis
1227 2075 1289 2150 ap-¹

214 2161 393 2256 pellatur,
419 2159 697 2250 comprehendit
719 2163 754 2233 in
770 2159 1000 2235 Ecclesiaste:
1025 2159 1061 2232 in
1081 2175 1155 2249 quo
1173 2155 1290 2236 multa

216 2257 391 2332 derebus
411 2260 631 2332 naturalibus
652 2257 839 2353 differens,
866 2261 900 2333 da
923 2259 1040 2332 inania
1060 2279 1102 2330 ac
1125 2276 1221 2332 vana
1240 2249 1290 2332 ib

216 2357 367 2432 utilibus
396 2355 670 2450 neoell‘uriisqlre
695 2359 906 2451 secernens,
934 2355 1203 2450 relinquendam
1222 2375 1288 2428 va-

165 2453 168 2460 “
217 2457 372 2531 nitatem
393 2474 544 2548 monet,
572 2457 606 2530 dr
631 2460 733 2532 utilia
757 2457 924 2552 retiaque
948 2457 1120 2532 sedanda.
1171 2452 1290 2548 lnspe·

219 2556 356 2631 divum
374 2577 520 2648 quoque
536 2561 658 2632 locum
677 2560 713 2632 in
730 2559 803 2633 hoc
819 2562 944 2633 libello
963 2557 1128 2647 tradidit,
1148 2557 1216 2647 oui
1230 2556 1290 2632 ha·

218 2657 328 2730 betur
345 2657 385 2728 in
399 2659 582 2748 manibus,
607 2655 644 2730 id
662 2658 736 2752 est,
763 2661 798 2732 in
811 2658 964 2733 Cantico
977 2657 1234 2744 Canticorum,
1251 2653 1291 2730 in

220 2775 296 2849 quo
325 2775 485 2829 amorem
507 2755 728 2851 ooelestium‚
770 2760 1049 2849 divinorumque
1079 2755 1291 2830 desiderium

220 2855 355 2929 incutit
368 2856 492 2929 animae
509 2857 572 2928 sub
588 2856 706 2950 specie
728 2856 862 2952 sponsae
882 2879 922 2931 ac
939 2857 1077 2952 sponsi,
1104 2855 1291 2928 charitatis

222 2954 259 3028 ἀ
282 2956 415 3029 amoris
434 2956 504 3029 viis
525 2959 811 3051 perveniendum
837 2959 974 3032 docens
996 2957 1040 3029 ad
1065 2952 1291 3030 consortium

221 3053 307 3131 Dei.
359 3055 444 3130 Hoc
467 3075 561 3129 vero
587 3077 669 3134 euru
688 3079 785 3131 vera
813 3057 1049 3152 philosophie
1076 3055 1291 3129 vfundamend

222 3165 302 3227 tum
336 3168 566 3247 ponentem,
604 3157 638 3228 dt
672 3158 836 3232 ordinem
873 3156 1162 3250 disciplinarum,
1201 3151 1291 3228 insti·

222 3255 481 3346 tutionum·que
508 3255 756 3351 condentem,
792 3259 890 3350 quod
918 3279 993 3332 non
1024 3255 1198 3346 latuerit,
1234 3275 1291 3328 ne·

226 3373 297 3444 que
314 3355 359 3425 ab
375 3375 422 3426 eo
437 3353 593 3446 abjeetus
612 3356 653 3428 stt
669 3359 776 3431 etiam
789 3359 974 3432 rationalis
990 3359 1117 3436 locus,
1145 3352 1291 3428 evidens

226 3465 284 3526 ter
296 3452 453 3526 ostendit
467 3455 502 3526 in
517 3454 697 3548 principio
709 3455 824 3530 statim
842 3459 1122 3553 proverbiorum
1139 3453 1291 3530 suorum.

226 3551 349 3625 Primo
372 3553 533 3628 omnium
554 3573 620 3646 per
637 3554 713 3628 hoc
740 3553 881 3649 ipsum,
908 3556 1008 3648 quod
1023 3555 1227 3629 Proverbia
1248 3567 1291 3628 at·

229 3653 393 3725 titulavit
413 3655 573 3727 libellum
593 3652 719 3750 suum,
753 3658 851 3747 quod
872 3659 998 3748 utique
1016 3676 1153 3729 nomen
1173 3647 1291 3748 signifi·

232 3766 314 3842 cat,
342 3752 435 3825 aliud
454 3752 596 3841 quidem
607 3758 722 3850 palam
744 3756 836 3849 dici,
864 3757 958 3830 aliud
971 3776 1065 3830 vero
1084 3751 1291 3827 intrinsecus

229 3850 392 3927 indicari.
442 3851 528 3924 Hoc
545 3856 638 3929 enim
650 3856 687 3928 dt
702 3857 902 3931 communis
917 3854 997 3932 ulus
1018 3854 1291 3950 proverbiorum

111 4043 114 4048 Ι
233 3950 369 4044 docet,
396 3951 599 4046 &Joannes
619 3955 656 4027 in
676 3958 866 4051 evangelio
886 3955 1103 4030 salvatorem
1115 3955 1167 4027 ita
1179 3951 1291 4026 scribil

233 4050 436 4126 dicentem:
470 4055 545 4122 Hac
565 4060 603 4124 in
621 4055 801 4151 proverbiis
825 4057 948 4129 locutus
964 4057 1035 4146 sam
1056 4054 1164 4140 uobis,
1190 4061 1291 4127 venio

233 4151 335 4243 bora,
361 4177 430 4222 cum
441 4154 512 4248 jam
533 4177 600 4224 run
620 4161 659 4227 in
675 4155 849 4253 proverbiis
864 4160 974 4252 loquar
993 4154 1104 4225 vobis:
1128 4155 1179 4243 {ed
1196 4157 1291 4224 marri·

147 4335 153 4344 Ι
227 4247 311 4349 falla
328 4252 472 4352 deporta
485 4262 679 4330 maanaim
700 4258 800 4350 retiis.
850 4255 939 4333 Haec
955 4256 1099 4333 interim
1119 4255 1156 4330 in
1171 4251 1291 4347 ipsati

156 4359 159 4364 '
1186 4354 1254 4426 tuli
