2734 4859
198 577 279 658 IN
301 572 672 654 PROVERBIA
697 575 1086 665 SALOMONIS.
1140 608 1186 692 ,¹7

131 755 254 816 reram
277 740 464 836 contigit,
490 738 553 812 etfi
572 739 781 834 adducitur,
807 739 850 814 ad
865 742 932 836 alia
945 743 1183 840 significanda.
1243 766 1245 771 ·

131 857 197 940 tuo
224 837 339 944 paaip
362 854 483 913 autem
507 839 592 911 huic
610 854 812 991 coaptant,
841 842 939 934 quod
957 845 1087 937 ditium
1111 847 1182 931 est:

131 951 259 1040 petiam
278 945 318 1010 in
338 940 497 1034 parabatis
520 964 553 1008 es
568 963 696 1011 meum.
735 937 830 1014 Nam
855 940 954 1032 quod
976 938 1180 1043 subjungit,

131 1040 238 1134 eipsa
265 1039 455 1136 contigit:
483 1043 596 1111 cama
608 1039 757 1136 patribus
778 1064 883 1111 eurum
897 1041 984 1136 fecit
1004 1048 1180 1128 mirabilia.

131 1139 161 1212 ai
181 1143 332 1213 literam
347 1159 492 1230 quoque
507 1142 632 1235 dirupit
642 1164 729 1210 mare
742 1137 783 1216 σ
793 1142 945 1236 paduae
956 1167 1014 1217 ees.
1042 1142 1180 1221 Canbia

131 1241 194 1313 aim
220 1239 488 1335 contigerunt,
514 1238 648 1312 tametsi
668 1242 740 1311 alio
756 1238 855 1312 sensu
868 1239 963 1335 figna
978 1260 1100 1332 erant,
1121 1266 1178 1319 re·

131 1357 173 1411 aa
194 1339 242 1411 ad
274 1341 532 1432 parabolarum
561 1339 848 1434 evangelicarum
877 1339 1021 1417 modos.
1073 1341 1178 1419 Alius

133 1440 281 1532 uispram
308 1438 431 1530 dicet,
457 1437 570 1520 istud,
603 1443 752 1534 Apertam
774 1445 812 1509 in
826 1438 1037 1537 parabolirae
1056 1465 1175 1534 meunt,

132 1561 176 1610 an
195 1539 242 1609 ad
267 1559 315 1609 ea
331 1533 510 1632 speiiare,
537 1560 614 1629 quae
635 1540 672 1611 in
688 1538 790 1610 'libro
809 1535 931 1610 Exodi
945 1536 1175 1638 referuntur,

131 1637 232 1708 adad
258 1658 323 1708 eas
349 1638 568 1729 parabolas,
602 1658 678 1728 quae
704 1637 742 1711 in
764 1636 957 1733 evangelio
977 1639 1174 1718 habentur:

131 1757 183 1810 un
199 1734 369 1807 Christus
388 1735 485 1808 dicat
499 1738 535 1808 in
554 1737 751 1829 propheta:
776 1738 950 1810 Attendite
957 1740 1071 1836 popule
1089 1764 1175 1814 neus

131 1861 193 1930 gear
218 1861 343 1916 meam,
370 1836 405 1908 te
424 1856 500 1926 quae
519 1834 725 1926 sequuntur.

181 1939 304 2006 earm
312 1940 519 2027 gratiarum:
546 1937 700 2007 circulus
716 1934 884 2008 nimirum
902 1934 1098 2019 virtutum,
1124 1960 1172 2025 ea

131 2035 204 2126 [aad
220 2036 300 2108 aiiae
316 2035 396 2105 aliis
412 2055 586 2108 connexae
604 2033 695 2110 sunt.

184 2131 338 2231 Torqueat
365 2158 496 2205 aureum
512 2141 597 2205 eirea
621 2138 727 2204 callum
746 2149 848 2208 tuum.
898 2131 1086 2226 Torquem
1113 2156 1173 2210 au·

131 2251 208 2307 eun
238 2246 378 2327 vocat,
414 2234 618 2307 diuinorum
653 2236 882 2326 eloquiorum
920 2227 1172 2314 circumfusam

131 2335 354 2422 ¹madorem,
382 2355 423 2406 ac
436 2336 538 2406 velut
556 2335 694 2406 circuio
711 2336 845 2407 micans
862 2332 979 2424 jubar.
1024 2331 1172 2412 Callum

131 2447 228 2504 ‚utem
244 2434 406 2525 appellat
423 2450 590 2507 mentem.

179 2523 339 2603 Totam
352 2535 421 2629 ejus
431 2538 606 2604 memoriam
620 2535 655 2604 de
665 2550 764 2606 terra.
790 2531 879 2604 Haec
891 2530 1010 2605 dicere
1024 2530 1169 2628 poffint,

131 2632 162 2702 ui
180 2631 214 2702 bt
234 2632 426 2704 dixerunt:
455 2638 519 2703 Hic
538 2634 578 2729 efl
598 2635 705 2722 heres,
730 2637 866 2721 venite,
890 2635 1059 2703 occidamus
1074 2658 1168 2722 eum,

131 2747 140 2800 t
152 2733 202 2826 fit
224 2734 330 2828 naflra
344 2732 513 2803 hereditat.

180 2826 288 2902 Tuam
304 2848 410 2901 autem
419 2833 535 2920 sortem
552 2838 642 2901 mitte
660 2836 698 2901 in
716 2831 816 2902 nabis.
854 2829 916 2903 Illa
932 2827 1054 2903 reliiia
1068 2828 1169 2902 disci·

131 2931 199 3002 iina
216 2931 297 3003 esto
310 2933 515 3006 nobiscum.
541 2931 694 3004 Sabbata
713 2932 902 3003 nobiscum
914 2951 999 3025 age:
1025 2929 1082 3002 fac
1100 2949 1169 3001 no·

131 3032 238 3103 iscam
256 3053 405 3122 azyma,
434 3048 541 3121 atque
562 3032 721 3122 reliquos
741 3031 826 3126 legis
848 3030 951 3104 ritus.
984 3087 986 3090 .

176 3133 236 3225 lpfl
256 3142 366 3221 enim,
393 3137 449 3227 qui
469 3132 630 3199 homicidii
644 3135 817 3225 participes
829 3130 920 3217 sunt.
970 3126 1072 3201 Deus
1092 3127 1169 3220 qui·

131 3249 179 3301 ern
199 3232 389 3303 bonorum
413 3232 562 3324 largitor
581 3228 632 3302 est
648 3254 658 3314 ς
673 3249 752 3307 nos
772 3241 889 3301 autern
912 3226 1074 3300 auiiores
1097 3250 1170 3302 ma·

131 3349 242 3420 iruna,
272 3350 406 3421 nempe
423 3349 666 3402 aerumnarum.
700 3327 834 3400 Dicere
851 3328 926 3399 haec
938 3326 1042 3418 poffis
1060 3329 1169 3402 etiam

131 3428 314 3522 eJudaeis‚
342 3430 401 3519 qui
421 3429 567 3500 fuerunt
581 3428 773 3520 participes
794 3426 967 3523 sanguinis
984 3446 1066 3513 cum
1084 3446 1170 3519 pro·

131 3528 316 3618 betarum,
342 3542 418 3601 tum
437 3527 542 3620 ipsius
564 3525 704 3602 Christi.
915 3604 917 3609 ,

175 3632 239 3699 Ha
257 3633 323 3697 vie
335 3628 418 3716 sunt
433 3633 571 3697 amnium
591 3629 871 3711 consummantium
890 3629 1014 3722 iniqua.
1070 3619 1170 3696 Con·

131 3745 301 3817 taumate,
327 3748 405 3800 non
424 3726 627 3819 simpliciter
644 3726 765 3798 facere
781 3723 849 3817 est,
876 3739 918 3796 ut
933 3725 1073 3816 quidem
1094 3721 1170 3795 exi·

131 3829 226 3916 imo,
254 3825 314 3898 sed
331 3826 481 3918 implere
498 3825 693 3899 mensuram
705 3840 846 3916 patrum
864 3822 1030 3915 suorum,
1059 3837 1168 3912 atque

131 3927 199 4096 ffni
216 3923 379 4022 sanguini
394 3927 437 3997 ab
454 3923 550 3998 Abel
565 3927 608 3998 ad
619 3924 827 3998 Zachariam
840 3945 969 4018 usque,
982 3922 1167 3995 obnoxius

151 4048 181 4098 e.

176 4128 349 4220 Sapientia
365 4128 405 4196 in
423 4123 559 4197 exitibus
578 4129 720 4198 canitur.
754 4118 918 4196 Tacente
934 4120 1076 4215 quidem
1087 4137 1167 4193 eam

131 4225 284 4318 rpiente,
305 4245 382 4300 non
400 4224 561 4319 canitur,
582 4222 681 4302 nasta
696 4244 787 4297 vero
802 4225 959 4317 exitum,
979 4219 1132 4294 canitur.

158 4329 305 4422 Ort'gmr't
333 4324 423 4403 Tam·
454 4326 523 4400 IX.
747 4324 775 4396 B
1038 4317 1120 4392 Ett't
