2734 4859
480 701 1474 810 m-rioM-121A
1570 663 1897 805 xv11'10
2065 747 2076 776 τ
2222 725 2374 818 σᾶς

244 891 689 992 superiorem
733 888 990 966 domus
1021 943 1047 982 ‚
1117 886 1386 965 sensum
1427 883 1568 962 effe
1607 883 1972 966 sublimem
2015 883 2088 965 ὃς
2135 887 2374 978 excel·

248 997 401 1071 sum
427 1047 452 1086 ‚
505 990 873 1067 ostendam
915 1011 956 1064 e
993 988 1385 1083 scriptura,
1443 989 1574 1062 ubi
1618 988 1709 1061 de
1749 985 1995 1064 sanetis
2028 988 2376 1085 testaturq

250 1096 646 1190 prophetas
681 1093 768 1165 ab
798 1090 956 1185 ipsis
984 1088 1188 1205 fuiil‘e
1210 1090 1290 1163 in
1312 1086 1686 1203 superiore
1716 1087 1975 1166 domis
2009 1103 2215 1209 parte
2251 1111 2376 1166 ex·

246 1185 1864 1386 1⁰5&ssssth¹3322i⁶12⁰ss1522¹²523ffi¹2ffi
1888 1186 1994 1365 3²5}
2008 1190 2380 1385 ’(ἒέξέ

254 1394 515 1467 domus
535 1406 739 1486 parte
771 1388 1167 1482 excepiss'e3
1210 1388 1495 1462 &libro
1527 1401 1833 1482 quarto,
1871 1409 2030 1483 quae
2050 1387 2380 1468 Elisaeum

255 1490 602 1584 suscepit,
649 1490 1131 1565 habitaculum
1155 1487 1279 1585 ipsi
1312 1489 1741 1583 pra-,paravit
1765 1488 1840 1561 in
1866 1488 2215 1586 superiori
2248 1491 2380 1566 dos
2429 1507 2440 1520 ⁸

252 1612 415 1669 mus
447 1602 675 1685 parte.
739 1588 1092 1664 Peccator
1119 1608 1308 1671 vero
1336 1586 1708 1663 Ochozias
1737 1609 1779 1661 e
1799 1584 2144 1683 superiori
2176 1608 2384 1686 parte

257 1688 491 1785 lapsus
537 1687 643 1763 est
672 1742 699 1785 ,
751 1688 822 1764 ἀ
864 1690 993 1763 tibi
1033 1689 1231 1786 Jesus
1275 1688 1598 1782 praecipit
1628 1735 1654 1770 ‚
1719 1702 1806 1761 ut
1844 1709 1939 1762 ex
1983 1690 2183 1765 tecto
2227 1712 2382 1767 non

256 1788 669 1865 descendas,
776 1784 1104 1884 Etenim,
1152 1789 1427 1882 inquit,
1479 1807 1642 1862 cum
1677 1786 1832 1862 haec
1867 1787 1938 1863 ἀ
1967 1790 2089 1866 illa
2118 1787 2388 1867 evene-

258 1891 455 1983 rint,
505 1908 700 1978 tunc,
753 1894 870 1987 qui
899 1896 976 1962 in
1013 1886 1175 1962 τεὲἷο
1210 1890 1290 1987 eft
1306 1940 1341 1981 ‚¹
1379 1885 1512 1958 mvi
1539 1887 1896 1980 descendat,
1950 1895 2198 1982 tulere,
2251 1915 2384 1989 quae

271 1998 347 2061 in
383 1995 548 2061 domo
574 1989 692 2081 [aa
717 1989 902 2079 sunt.
1004 1991 1154 2088 Qui
1186 1986 1765 2083 persecutionum
1805 2003 2139 2082 tempore
2167 1991 2383 2090 fugit,

267 2093 529 2165 cinon
577 2089 887 2164 vetitum
935 2086 1085 2181 est,
1150 2110 1245 2163 ne
1284 2091 1360 2161 in
1404 2085 1668 2162 testum
1709 2088 2089 2183 ascendat,
2141 2090 2258 2165 sed
2290 2113 2386 2166 ne

268 2188 653 2264 descendat
677 2240 704 2283 ,
755 2190 846 2263 de
877 2187 1074 2263 tecto
1101 2189 1364 2263 tollere
1396 2241 1423 2281 ‚
1493 2207 1656 2280 φιτ.
1683 2189 1758 2262 in
1792 2188 2017 2263 domo
2046 2189 2166 2266 sua
2198 2191 2383 2269 sunt.

269 2289 550 2365 Bonum
580 2287 682 2363 est
714 2289 975 2386 igitur,
1023 2290 1099 2362 in
1123 2286 1761 2383 superioridomus
1796 2305 2004 2384 parte
2037 2290 2215 2376 effe,
2257 2295 2391 2367 bo·

268 2413 483 2483 num,
539 2391 613 2462 in
642 2387 845 2462 tectis
868 2387 1173 2483 versari,
1224 2388 1293 2461 δι
1315 2387 1612 2462 celsiora
1637 2389 1984 2464 incolere.
2087 2393 2285 2492 Quin
2321 2391 2393 2465 ἃ

198 2539 202 2544 -
271 2488 659 2565 admirandi
714 2488 1079 2584 apostoli,
1142 2505 1228 2561 ut
1266 2489 1337 2560 in
1391 2484 1690 2563 Actibus
1749 2510 2000 2562 eorum
2047 2494 2341 2590 legimus
2365 2543 2400 2581 ,.

260 2592 539 2664 -cumin
572 2609 794 2664 unum
834 2591 1078 2663 locum
1117 2581 1576 2683 congregati,
1618 2591 2074 2664 orationibus
2128 2594 2391 2665 verbo·

278 2713 417 2783 que
447 2690 698 2762 divino
726 2690 1126 2781 vacabant,
1180 2688 1251 2763 in
1271 2686 1617 2781 superiori
1648 2688 1905 2763 domus
1927 2705 2132 2783 parte
2160 2704 2389 2778 erant,

280 2795 351 2867 in
406 2810 546 2881 qua
576 2809 738 2862 cum
777 2787 1001 2863 effent
1030 2840 1056 2881 ‚
1118 2788 1300 2862 infra
1332 2808 1487 2861 non
1522 2804 1782 2875 erant3
1849 2787 2164 2882 ideoque
2205 2809 2414 2888 appa··

285 2906 559 2965 ruerunt
599 2891 723 2960 mis
751 2888 1092 2984 dispertita
1115 2892 1341 2982 lingna
1375 2906 1680 2986 tanquam
1709 2895 1897 2983 ignis.
1969 2885 2064 2964 Et
2100 2891 2392 2986 Petrus,
2458 2901 2468 2910 “

284 2989 570 3085 quando
602 3008 853 3082 preces
885 2987 1059 3061 Deo
1095 2987 1445 3061 fundebat
1469 3041 1496 3078 ,
1548 2990 1907 3075 ascenderat
1938 2997 2013 3059 in
2032 2992 2352 3088 superiora
2374 3045 2398 3082 ,

287 3113 433 3186 quo
468 3090 540 3163 ni
582 3085 1032 3166 ascendisset,
1086 3108 1445 3180 nunquam
1487 3086 1769 3161 vidisset
1811 3111 1854 3162 e
1892 3091 2080 3165 coelo
2118 3090 2402 3168 descen-

287 3196 459 3264 dens
490 3212 663 3281 vaS,
720 3189 905 3279 quast
935 3190 1229 3261 linteum
1266 3211 1308 3260 e
1339 3188 1527 3260 coelo
1563 3206 1873 3280 quatuor
1903 3189 2122 3264 initiis
2161 3190 2404 3268 deruis·

287 3291 458 3367 sum.
561 3288 701 3361 Sed
729 3290 795 3359 δι
822 3287 981 3378 ilia,
1035 3307 1189 3378 quae
1214 3287 1703 3381 eleemosynas
1731 3288 2043 3364 faciebat
2078 3288 2360 3363 Tabirha
2383 3345 2404 3380 ,

290 3418 420 3487 quae
448 3398 881 3484 interpretata
909 3392 1142 3457 dicitur
1188 3393 1462 3468 Dorcas,
1513 3389 1698 3464 infra'
1736 3407 1890 3464 non
1929 3405 2122 3475 erat,
2175 3389 2291 3466 sed
2326 3392 2400 3467 in

176 3530 216 3543 κ
285 3488 633 3585 superiori
674 3485 930 3561 domus
980 3502 1184 3579 parte
1218 3535 1240 3568 ‚
1305 3488 1390 3561 ad
1443 3499 1651 3579 quam
1707 3485 2090 3566 ascendens
2148 3490 2412 3578 Petrus

288 3590 501 3686 ipsam
532 3612 570 3662 a
598 3591 904 3662 mortuis
938 3585 1315 3664 suscitavit.
1417 3586 1571 3682 lpse
1606 3590 1818 3664 etiam
1849 3588 2044 3685 Jesus
2084 3588 2408 3667 solemni-

224 3781 229 3786 .
290 3707 510 3764 tatem
561 3690 744 3763 hanc
777 3741 801 3780 ‚
876 3688 1074 3778 cujus
1121 3683 1532 3780 symbolum¹
1566 3692 1830 3785 agimus
1867 3743 1893 3782 ‚
1959 3688 2218 3766 Pascha
2265 3713 2410 3765 una

294 3812 454 3863 cum
506 3787 857 3882 discipulis
921 3790 1410 3862 celebraturus
1438 3844 1464 3882 ‚
1527 3789 2017 3887 interrogatus
2081 3794 2172 3866 ab
2230 3792 2408 3867 illise

310 3890 434 3960 Ube·
468 3896 575 3963 vis
609 3911 898 3985 paremus
939 3889 1063 3958 ribi
1096 3884 1393 3977 Pascha?
1442 3888 1672 3962 dixit:
1731 3889 2062 3963 Euntibus
2093 3889 2269 3964 vobis
2315 3918 2410 3963 oc-

301 4006 509 4060 curret
528 3989 712 4062 meo
752 3991 1030 4081 lagenam
1062 4013 1240 4086 aqua
1284 3989 1577 4088 bajulam
1612 4043 1632 4074 ‚
1670 3990 2011 4089 sequimini
2059 4016 2236 4085 eum,
2281 3992 2420 4089 ‘ipse

297 4091 566 4186 ostendet
590 4089 762 4159 vobi,
798 4086 1175 4161 coenaculum
1189 4092 1431 4183 grande
1439 4089 1713 4186 stratum
1730 4143 1755 4181 ‚
1795 4092 1991 4187 scopis
2020 4094 2420 4179 mundatum,

294 4208 633 4289 paratum,
688 4189 775 4258 ibi
806 4206 1051 4285 parate.
1155 4185 1399 4264 Nemo
1445 4190 1659 4286 igitur
1693 4188 1951 4266 Pascha
1999 4193 2422 4283 celebrans,

304 4309 385 4362 ut
440 4287 635 4383 Jesus
679 4291 889 4381 vult,
946 4287 1127 4361 infra
1179 4293 1622 4364 coenaculum
1666 4290 1810 4384 est,
1860 4292 1978 4366 sed
2019 4291 2067 4367 si
2114 4291 2268 4385 quis
2313 4311 2429 4364 ce-

298 4394 371 4468 le
385 4393 541 4466 brat
579 4409 736 4462 cum
768 4386 927 4485 Jesu
953 4442 979 4485 ,
1032 4385 1344 4482 superius
1378 4387 1582 4466 estin
1609 4393 1983 4466 coenaculo
2004 4387 2273 4484 magno
2293 4442 2334 4478 ,,
2356 4392 2458 4461 ‘xer

1223 4486 1299 4565 T
1322 4504 1368 4569 t,
1413 4511 1452 4586 5
1667 4497 1672 4502 '
2141 4504 2395 4558 mma.-
