2734 4859
409 615 984 722 no,n1t1lt--11.‘''·
1107 631 1220 758 ala„

85 867 93 932 Ι
121 771 242 895 rente,
276 797 464 894 quomodo
483 784 518 872 a
539 799 577 874 in
598 798 673 873 aliis
689 800 809 874 multis
830 791 960 875 fatiunt
975 797 1043 875 ests
1070 785 1115 875 an
1130 803 1179 890 sto

85 935 89 986 t
122 900 356 997 aprincipio,
382 913 424 973 ut
440 899 537 973 dicat
548 897 697 972 forsitan
707 900 832 992 aliquis
843 899 1056 994 editumeffe
1066 901 1179 977 evah.

120 1004 268 1098 galium:
302 1000 482 1093 quivult,
514 998 702 1074 deliberet.
751 999 933 1096 Propheta
946 998 1088 1095 quidem
1104 1023 1181 1076 ma·

120 1100 247 1187 nifeste
268 1099 391 1190 habet,
418 1099 457 1176 (J
474 1098 597 1170 uvidis
615 1121 728 1170 namen
741 1104 807 1197 ejus
820 1102 1020 1174 Etnmonuai.
1073 1097 1181 1177 Novi

121 1199 308 1293 quemdam
324 1200 361 1275 in
375 1199 528 1274 exordio
537 1198 787 1292 seripturarum
797 1202 972 1297 evangelii
983 1205 1182 1297 legentem:

120 1303 170 1374 Et
183 1301 311 1372 vocabis
325 1325 438 1371 nomen
458 1303 524 1398 ejus
540 1300 749 1393 Emmanuel,
776 1300 897 1374 dixiss‘e
910 1304 1004 1377 intra
1016 1301 1180 1395 seipsumt

120 1399 302 1499 Quidest,
326 1397 506 1473 vocabis?
533 1398 815 1499 Quisvoeabiti
841 1399 978 1477 Achaz.
1029 1399 1182 1494 thuo·

117 1501 234 1575 modo
249 1500 374 1596 potuit
385 1500 510 1573 Achaz
524 1500 570 1573 de
586 1497 787 1596 salvatore,
813 1502 873 1595 qui
888 1502 970 1596 post
980 1503 1183 1598 generatio-

119 1620 188 1676 nes
215 1601 345 1676 multas
364 1600 489 1691 venit,
524 1600 664 1674 audire:
704 1600 956 1674 Votadisnomen
973 1608 1040 1699 ejus
1056 1603 1185 1674 Emma-

119 1701 216 1773 nuel:
243 1715 350 1792 atque
365 1701 416 1772 ita
433 1719 503 1793 pro
520 1720 590 1791 eo,
615 1699 714 1793 quod
730 1700 801 1792 est,
826 1704 971 1789 vocabis,
997 1698 1182 1798 scripsisse,

118 1799 299 1875 amabitur,
349 1798 419 1874 Sed
437 1800 543 1893 vide,
569 1797 1038 1891 quianonAchazdicitur:
1068 1803 1183 1873 Ervo-

118 1902 201 1973 cath
216 1924 328 1971 nomen
343 1903 411 1996 ejus
432 1900 642 1992 Emmanuel,
666 1897 727 1974 sed
741 1900 863 1975 domui
877 1900 997 1977 David
1012 1902 1097 1974 vide
1112 1921 1184 1975 ma·

118 1999 250 2077 nifeste
264 1998 413 2074 ditium:
437 2002 557 2074 Audite
570 2024 654 2071 nunt
665 2001 772 2073 &mus
786 2003 917 2074 David:
944 2003 1114 2100 quuid
1123 2025 1186 2071 ma

119 2106 223 2175 diram
237 2102 327 2173 vobis
349 2099 409 2195 apl,
428 2100 572 2200 proflare
587 2115 742 2173 certamen
760 2102 958 2190 hominibus,
985 2102 1025 2179 U
1039 2102 1185 2200 quomodo

120 2205 265 2276 Domino
279 2201 431 2300 praessatis
450 2196 630 2273 certunm?
656 2204 724 2273 Ideo
742 2200 831 2274 tatii
849 2207 1007 2275 Dominus
1021 2203 1081 2301 ipse
1094 2200 1185 2272 vobis

115 2304 250 2399 figarum.
300 2300 381 2374 Ecce
401 2307 493 2395 virgo
518 2308 555 2372 in
582 2317 671 2373 utera
685 2307 852 2400 concipiet,
888 2305 928 2379 σ
941 2301 1182 2397 patietfliiu'm,

119 2401 162 2480 ὁ
187 2401 314 2474 wcaiis
333 2426 446 2472 nomen
463 2406 533 2500 ejus
557 2404 754 2475 Emmanuel.
806 2395 876 2476 Sed
896 2403 1039 2495 quando
1064 2404 1186 2494 itaque
1277 2414 1284 2430 “

122 2524 204 2577 non
230 2501 458 2597 intelligimus
483 2503 576 2595 hoc,
613 2502 711 2594 quod
730 2500 858 2575 diiium
874 2501 944 2594 est,
971 2503 1058 2576 nihil
1075 2524 1121 2575 ex
1138 2507 1186 2574 eti

122 2603 243 2678 minus
259 2600 443 2685 faciamus,
469 2623 587 2692 neque
602 2600 646 2673 ad
658 2601 821 2675 faciliora
831 2623 1026 2694 curramus,
1054 2598 1112 2674 sed
1127 2622 1187 2673 ex·

120 2700 330 2798 ponemus,
365 2701 484 2774 donec
503 2703 613 2798 gratia
634 2699 705 2775 Dei
729 2702 889 2794 subjiciat
906 2704 1013 2775 nobis
1029 2723 1093 2794 per
1110 2702 1188 2772 illu·

122 2801 360 2878 minationem
386 2799 541 2875 scientia
559 2803 850 2892 explanationem
871 2800 1091 2893 quaestionis:
1126 2814 1188 2872 aut

123 2917 227 2976 certe
246 2898 382 2975 tursum
407 2902 521 2998 gratia
540 2897 631 2992 Dei,
667 2922 732 2994 per
751 2893 857 2993 quern
875 2899 977 2993 vuit,
1012 2902 1189 2973 illuminet

124 3023 218 3093 nos,
242 3017 375 3074 utnon
394 3003 489 3073 ultra
509 3019 726 3094 queramus,
753 3000 812 3074 sed
829 3001 974 3092 quaestio
990 2999 1111 3073 nostra
1121 2999 1190 3072 sol·

124 3116 247 3175 vatur.
298 3101 336 3173 Si
357 3114 475 3174 autern
492 3115 628 3176 temere
643 3102 687 3173 ad
705 3122 780 3174 non
796 3100 973 3173 intelletia
987 3100 1189 3192 prorumpi-

124 3222 230 3291 mus,
261 3221 331 3274 nos
356 3200 450 3293 ipsos
479 3198 706 3275 causabimur.
759 3203 850 3297 Qua
874 3199 925 3274 est
950 3218 1037 3294 ergo
1060 3199 1188 3272 domus

125 3299 277 3375 David?
302 3299 338 3371 Si
353 3297 474 3372 David
491 3298 648 3373 Christus
663 3299 728 3391 est,
753 3314 795 3372 ut
805 3299 1011 3393 frequenter
1020 3298 1189 3391 probavi,

125 3402 258 3473 domus
277 3399 399 3471 David
413 3420 481 3472 nos
497 3397 615 3473 sumus
634 3400 781 3475 ecclesia
803 3399 893 3472 Dei:
920 3399 953 3471 &
972 3400 1101 3472 dicitur
1122 3419 1190 3470 no·

124 3502 209 3595 bis,
236 3499 297 3589 qui
315 3498 461 3571 ecclesia
476 3495 614 3580 sumus,
639 3516 770 3573 utnon
790 3500 991 3593 praestemus
1010 3497 1191 3573 certamen

125 3598 218 3677 Deo
239 3595 343 3693 supra
369 3596 520 3683 ditium,
555 3596 613 3671 sed
636 3599 743 3672 dante
760 3598 925 3675 Domino
944 3599 1077 3695 signum
1092 3595 1193 3671 'sulci-

126 3700 266 3793 piamus
290 3698 388 3771 illud.
436 3695 580 3788 Nobis,
614 3719 691 3772 non
711 3700 833 3772 domui
852 3698 975 3771 Dauid
991 3699 1054 3772 ista
1070 3700 1193 3772 dicun·

126 3814 201 3874 tur.
252 3795 303 3873 Et
326 3797 587 3893 prophetatur,
621 3800 724 3892 quia,
756 3799 781 3887 sr
801 3800 878 3890 quis
902 3798 952 3871 est
970 3799 1096 3872 domus
1117 3798 1192 3871 Da·

126 3900 219 3990 vid,
253 3898 405 3971 vocabit
427 3917 562 3971 nomen
588 3899 663 3991 ejus
687 3896 909 3972 Emmanuel.
966 3899 1009 3972 ln
1034 3899 1194 3972 adventu

129 4000 228 4073 enim
248 3995 376 4071 Christi
395 3995 469 4070 sola
488 3998 634 4071 ecclesia
648 3996 769 4071 nostra
780 3998 824 4071 de
840 3996 981 4073 Christo
994 4001 1096 4076 dicit:
1122 4001 1193 4071 No·

129 4100 248 4170 discum
259 4100 357 4175 Deus,
409 4097 490 4191 His,
507 4110 549 4171 ut
560 4096 659 4172 dedit
666 4099 781 4198 gratia
791 4097 874 4197 Dei,
889 4101 1098 4198 explanatis,
1126 4099 1194 4177 alia

128 4199 204 4293 iam
223 4217 419 4293 quaeramus
432 4197 630 4299 enigmata.
1046 4211 1049 4217 '

566 4453 571 4460 -
621 4396 707 4498 '1¹5
998 4426 1039 4483 a.
1063 4404 1176 4497 Butu-
