2734 4859
848 495 851 504 ι

480 589 839 685 utuuutv.
919 625 924 636 ·
1041 639 1043 644 ·
1116 623 1185 707 239

136 783 290 844 vernare
309 767 503 847 virtutum,
534 777 622 840 tunc
646 766 722 857 ejua
744 768 853 839 menti
867 765 905 842 -&
926 777 1066 860 tempus
1083 782 1184 861 puta-

134 871 254 950 tionis,
271 868 460 957 adveniet,
486 867 520 940 ἃ
539 865 564 938 fi
587 865 671 958 quid
686 863 897 956 superfluum
913 865 946 938 ἀ
961 870 1075 954 minua
1096 868 1184 942 utile

135 969 244 1044 luerit
256 970 293 1042 in
307 967 382 1062 ejus
396 965 549 1040 senfibus
560 964 875 1056 velintelletlibus,
894 963 1119 1056 resecabitur,
1148 966 1182 1040 it

136 1067 177 1141 ad
191 1088 348 1166 gemmas
359 1063 518 1162 spiritalis
531 1064 771 1159 intelligentie
783 1065 1025 1140 revocabitur.
1074 1063 1184 1140 Tunc

136 1167 242 1242 etiam
262 1185 394 1240 vocem
413 1163 558 1236 turturis
574 1161 707 1254 audiet,
732 1164 824 1235 illius
839 1163 910 1237 fine
925 1163 1035 1237 dubio
1047 1161 1182 1258 sapien-

136 1269 210 1345 tiu,
237 1285 341 1358 quam
357 1261 571 1359 dispensator
590 1263 691 1334 verbi
708 1263 865 1354 loquitur
879 1265 971 1336 inter
986 1261 1181 1359 perfector,

134 1363 314 1458 sapientire
328 1363 397 1438 Dei
411 1363 560 1453 altioris,
587 1381 664 1452 quae
679 1359 883 1435 abscondita
896 1361 948 1437 est
957 1361 993 1433 in
1002 1361 1181 1454 mysterio.

134 1465 221 1540 Hoc
245 1483 398 1553 namque
418 1460 550 1534 indicat
569 1461 760 1554 appellatio
776 1461 935 1535 turturis.
960 1483 963 1490 ·
985 1460 1072 1534 Haec
1086 1482 1183 1538 nam·

135 1585 205 1658 que
227 1563 306 1635 avia
332 1558 655 1652 insectatoribus,
686 1558 720 1631 ἃ
746 1559 892 1634 remotis
918 1561 1185 1640 amultitudine

131 1662 225 1738 lucia
247 1663 361 1735 vitam
374 1661 550 1756 transigit,
587 1672 649 1732 aut
666 1655 801 1730 deserta
819 1661 992 1736 montium
1010 1661 1182 1756 diligens,

134 1777 195 1836 aut
212 1757 350 1836 secreta
370 1758 570 1852 sylvarum,
603 1760 731 1852 procul
755 1756 887 1850 semper
913 1780 933 1832 a
955 1761 1182 1835 multitudine

132 1859 263 1958 pofita,
290 1859 476 1932 &aturbis
487 1857 610 1932 aliena.
660 1857 758 1957 Quid
770 1857 1059 1938 autemestaliud‚
1084 1859 1183 1950 quod

93 1981 98 1990 ’
133 1955 1183 2152 ttulit*‘liilllilllntltlllttulit

361 2110 371 2145 t

136 2157 277 2251 quidem
291 2153 542 2248 uuuusipuus
555 2151 708 2249 spiritua,
735 2152 885 2246 quisunt
899 2155 1074 2252 gaudium,
1102 2156 1182 2232 cha·

133 2258 242 2350 riter,
267 2276 357 2352 pax,
384 2255 417 2330 ἀ
442 2268 578 2329 catera.
627 2252 696 2327 Sed
714 2253 785 2345 iam
804 2268 920 2329 tamen
939 2258 1094 2351 germina
1119 2275 1182 2328 eo·

133 2377 210 2432 rum
230 2353 396 2452 proferre
415 2355 540 2447 incipit
556 2350 694 2446 spiritua
715 2353 887 2447 hominia,
913 2356 1024 2445 quiin
1042 2352 1182 2449 ipsoest

135 2455 355 2554 lingtalariter
365 2449 517 2527 ficulnea
532 2452 747 2527 nominatus.
795 2450 999 2528 sicutenim
1013 2455 1183 2549 generali·

134 2571 190 2629 tet
216 2555 254 2628 in
283 2555 428 2628 ecclelia
451 2549 595 2626 diversae
615 2552 761 2624 arbores
785 2550 925 2648 fingulae
946 2574 1092 2646 quaeque
1110 2555 1182 2627 ani·

132 2651 427 2730 marcredentium
435 2651 694 2746 intelliguntur,
711 2650 755 2723 de
763 2651 888 2742 quibus
898 2652 1044 2728 dicitur:
1071 2659 1182 2724 Omnis

132 2759 245 2832 arbor,
263 2779 356 2850 quum
368 2779 436 2822 nun
448 2751 612 2848 plantavit
624 2767 715 2846 poter
723 2751 940 2846 meuscaelessis,
960 2754 1180 2824 eradicabitur.

134 2849 184 2926 Et
203 2853 333 2927 iterum
351 2851 499 2941 Paulus,
527 2850 585 2941 qui
600 2846 635 2922 se
650 2847 737 2922 dicit
753 2849 951 2940 adiutorem
972 2849 1041 2925 Dei
1055 2851 1122 2924 eise
1144 2853 1181 2926 in

133 2951 349 3050 agricultura
368 2950 459 3033 Dei,
493 2949 660 3023 aitetiam
676 2947 766 3042 ipse:
801 2951 1040 3044 lippientem,
1074 2947 1184 3044 Apollo

134 3058 270 3146 rigavit.
320 3050 438 3124 Sed&
456 3048 632 3122 Dominus
650 3049 686 3121 iu
705 3049 913 3145 evangeliis:
936 3053 1005 3122 Aru
1016 3050 1181 3142 facinor-

133 3151 233 3221 iorem
247 3151 368 3236 bonam,
394 3150 432 3225 U
444 3147 589 3238 froilam
601 3151 663 3244 ajm
683 3147 812 3221 mum:
836 3164 895 3218 aar
907 3149 1042 3219 arborem
1052 3151 1180 3244 mulam,

134 3245 173 3327 U
183 3247 334 3344 froilam
353 3253 418 3345 ejus
435 3249 561 3323 malum.
610 3245 711 3318 Sicut
733 3266 819 3342 ergo
843 3247 1053 3342 generaliter
1069 3249 1105 3322 in
1125 3271 1182 3322 ec·

135 3347 236 3422 cleira
251 3347 372 3446 finguli
387 3345 517 3442 quique
532 3346 751 3420 credentium
763 3343 906 3418 diversae
922 3348 1066 3419 arbores
1080 3350 1181 3421 intel·

134 3449 158 3520 li
207 3465 310 3520 ntur:
336 3451 385 3520 ita
407 3447 440 3520 ἃ
460 3447 497 3519 in
516 3465 725 3537 unaquaque
741 3446 852 3518 anima
866 3445 1009 3518 diversa
1028 3448 1181 3521 virtuter

136 3469 292 3621 efficacia
311 3548 385 3640 ejus
400 3543 544 3619 diverse
562 3547 708 3618 arbores
720 3545 973 3638 intelliguntur.
1023 3543 1180 3641 Estergo

136 3645 225 3722 &ln
248 3649 361 3720 anima
376 3641 465 3718 licus
483 3643 660 3738 quadam,
684 3662 760 3735 quae
786 3643 953 3736 producit
969 3664 1110 3740 germen
1129 3644 1182 3719 su·

134 3765 212 3820 um:
238 3744 289 3820 est
312 3745 345 3817 δι
369 3745 476 3836 vitia,
502 3765 579 3838 quae
604 3741 752 3835 floreat,
779 3741 1204 3834 &reddatodoremsu-¹

85 3853 88 3926 ξ
133 3855 205 3920 um.
257 3841 365 3936 Cujua
391 3843 476 3916 vitis
491 3843 651 3938 palmites
672 3855 798 3938 purgat
815 3855 916 3934 pater
937 3842 1181 3939 caelellisagri-

135 3945 230 4036 cola,
256 3957 299 4016 ut
312 3938 466 4016 faucium
483 3942 667 4038 plurimum
691 3939 850 4016 afferant.
908 3941 976 4014 Sed
993 3944 1068 4016 huc
1093 3943 1178 4017 vitla

85 3991 90 4122 i
133 4043 251 4138 ptimo
270 4061 335 4136 per
353 4043 475 4116 odoris
492 4041 715 4122 suavitatem,
742 4061 817 4132 quae
831 4060 876 4128 ea
894 4039 986 4116 liure
999 4041 1180 4133 redditur,

134 4139 503 4236 letificatodoratum,
530 4139 717 4216 secundum
725 4159 819 4234 eum,
845 4141 904 4232 qui
913 4140 1067 4215 dicebat:
1097 4145 1180 4234 Quo·

85 4273 87 4278 ·
132 4247 219 4315 nim
235 4241 368 4339 'cornil
387 4241 487 4315 bonas
506 4241 578 4316 orn
595 4239 701 4334 firm
728 4241 801 4314 Dar
817 4241 1040 4317 rii-mulne.
1091 4235 1181 4314 Here

1052 4357 1145 4441 erge
