2734 4859
465 590 712 684 urunt
759 604 842 686 111.
1115 634 1197 710 2³1.
1272 587 1274 592 ’

138 762 371 844 necessarium
382 767 547 862 vidctru,
572 783 615 842 ut
626 768 791 861 diximus,
816 767 977 854 breviter
992 768 1196 866 tiuarepe

139 881 241 961 tere,
274 869 631 961 explanationemque
656 868 814 966 priorem
832 881 1019 964 retexere,
1044 889 1106 964 ut,
1133 873 1194 966 qul

137 965 182 1042 srt
196 967 350 1040 lucidior
367 965 503 1060 sensus,
527 968 714 1062 aperiatur.
763 969 915 1065 intelligi
931 989 1019 1067 ergo
1035 971 1119 1046 mihi
1138 973 1193 1046 vi·

139 1065 246 1140 detur
259 1087 306 1140 ex
322 1065 427 1140 initio
447 1067 617 1160 propositi
632 1069 795 1142 dramatis
811 1065 970 1160 sponsam
991 1069 1079 1144 foris
1098 1067 1191 1146 sture
1248 1151 1262 1167 ,

139 1165 176 1238 in
192 1165 318 1259 bivio,
353 1164 453 1239 &ob
469 1187 626 1240 amorem
645 1164 758 1258 sponsi
780 1167 863 1240 hinc
883 1182 989 1260 atque
1007 1169 1090 1242 inde
1105 1188 1193 1262 pro·
1220 1217 1224 1226 -

137 1260 299 1358 spicere,
325 1264 460 1338 srsorte
481 1266 619 1359 veniat,
646 1264 671 1340 sr
692 1265 788 1339 forte
806 1280 985 1361 appareat,
1010 1287 1079 1342 nec
1094 1267 1189 1343 uiam

136 1363 276 1458 ingredi
294 1365 390 1438 velle
408 1365 579 1457 aliquam,
606 1364 688 1439 dum
705 1365 865 1460 ignorat,
891 1363 985 1440 unde
1000 1368 1109 1463 magis
1124 1387 1189 1442 ve·

135 1462 235 1554 niat,
261 1483 329 1536 nec
342 1461 461 1555 domi,
487 1461 545 1538 sed
561 1464 649 1536 soris
665 1463 768 1556 stare,
796 1461 828 1536 u
846 1463 1015 1538 desiderio
1033 1466 1107 1558 ejus
1118 1465 1188 1562 agi·

133 1564 204 1632 tati
220 1581 265 1634 uc
283 1562 420 1636 dicere:
457 1563 620 1652 osculetur
634 1589 680 1635 me
695 1563 790 1653 osculo
802 1567 869 1636 atis
881 1563 958 1654 sui.-
988 1565 1048 1638 ubi
1067 1579 1186 1642 autem

135 1659 241 1732 venit
259 1657 418 1754 sponsus,
442 1661 554 1736 dicat:
579 1667 673 1736 Bona
683 1663 764 1752 sunt
777 1661 869 1734 ubera
881 1680 939 1736 tua
953 1664 1043 1761 super
1055 1671 1187 1753 viuum,
1216 1679 1218 1684 '

134 1757 344 1852 etreliqua,
368 1757 537 1862 usquead
555 1784 635 1840 eum
653 1765 796 1855 locum,
822 1763 883 1834 ubi
897 1763 964 1834 ait:
993 1762 1056 1859 l’afl
1074 1780 1186 1834 recur-

133 1880 250 1934 νοω.
305 1857 390 1932 Post
411 1858 487 1938 hacc
510 1860 634 1935 dilecte
652 1862 724 1954 iarn
746 1861 781 1934 ἀ
801 1861 918 1935 vicem
943 1861 1122 1936 charitatis
1141 1863 1185 1938 ab

132 1954 213 2052 ipso
229 1952 357 2050 sponso
369 1959 558 2050 recipiens,
581 1960 831 2034 introducatur
839 1959 875 2033 in
885 1961 1083 2034 cubiculum
1094 1961 1186 2055 eJus,

133 2055 172 2128 ἃ
190 2056 306 2136 dicat}
334 2058 522 2130 Introduxit
542 2083 588 2130 rur
604 2084 657 2130 reu
674 2065 711 2130 in
732 2057 902 2130 cubiculum
913 2059 1015 2148 suum.
1065 2053 1135 2132 Sed
1149 2059 1191 2136 dt'

134 2169 286 2245 cetera,
317 2175 394 2247 quae
408 2154 531 2248 postea
546 2155 627 2232 sunt
642 2154 789 2252 scripta,
821 2159 916 2234 intus
931 2157 1045 2254 posita
1062 2160 1187 2252 loqua-

134 2253 251 2326 truad
265 2251 428 2347 sponsum
439 2254 953 2348 praesendbusuaffistentibus
967 2253 1098 2350 sponse
1110 2257 1186 2346 qui·

132 2351 215 2428 dem
230 2351 523 2444 adolescentulis,
556 2355 668 2450 sponsi
686 2376 777 2430 vero
798 2354 984 2430 sodalibus.
1032 2355 1187 2430 Verum·

129 2463 252 2525 tamen
272 2452 489 2548 intelligatur
503 2453 647 2547 sponsus
668 2469 798 2547 utpote
811 2457 883 2544 vir,
908 2475 983 2527 non
1000 2450 1135 2546 semper
1148 2455 1186 2530 in

130 2550 261 2642 domo,
285 2571 401 2644 neque
415 2553 549 2643 semper
563 2553 705 2628 edidere
720 2551 1185 2646 sponsaeint'radomunpo·
1222 2559 1224 2566 '

131 2649 224 2724 lltae:
258 2647 316 2723 sed
338 2665 444 2724 exeat
466 2651 690 2744 frequenter,
726 2651 759 2723 ἀ
777 2652 836 2724 illa
857 2673 937 2726 eum
956 2652 1048 2742 quasr
1065 2671 1187 2726 amore

133 2751 211 2841 ejus
231 2747 380 2822 sollicita
400 2749 555 2842 requirat
573 2751 770 2825 absentem:
796 2749 854 2824 sed
870 2750 903 2823 dt
920 2747 992 2845 ipse
1008 2750 1184 2824 interdum

128 2848 257 2921 redeat
283 2848 327 2920 ad
356 2870 444 2924 eam.
497 2849 648 2941 Propter
678 2849 777 2940 quod
802 2848 1022 2922 &videatur
1043 2868 1107 2943 per
1125 2862 1197 2920 to·

130 2961 209 3018 tum
235 2946 393 3020 libellum
417 2949 607 3038 aliquando
634 2949 775 3038 quidem
795 2949 898 3024 velut
916 2947 1037 3021 absens
1052 2945 1189 3038 requiri·

128 3042 299 3138 sponsus,
332 3047 521 3136 aliquando
548 3047 636 3120 licut
658 3045 807 3138 presens
826 3047 924 3136 loqui
945 3053 1025 3120 curn
1047 3042 1181 3136 sponsa.

126 3141 205 3236 lpsa
228 3160 347 3217 autern
371 3142 495 3237 sponsa
520 3166 599 3218 cunr
619 3144 729 3218 multa
754 3141 992 3241 &magnifica
1010 3147 1044 3218 in
1066 3141 1183 3236 sponfi

130 3243 303 3315 cubiculo
318 3241 536 3336 pervidisset,
561 3245 652 3335 petit
666 3241 699 3315 sc
714 3244 817 3316 etiam
832 3245 867 3315 in
883 3245 1027 3318 domum
1044 3245 1120 3315 vini
1131 3243 1185 3316 in·

128 3341 289 3415 troduci.
339 3345 426 3440 Quo
444 3363 523 3416 curn
537 3341 681 3436 ingressa
702 3340 941 3436 perspexisset,
968 3338 1184 3434 quodspon·

127 3437 186 3512 sus
211 3453 342 3531 utpote
366 3444 422 3512 vir
444 3462 519 3513 non
542 3439 711 3529 resederit
737 3444 772 3514 in
801 3441 932 3530 domo,
969 3440 1040 3533 ipsa
1065 3436 1181 3514 rursus

127 3558 254 3610 amore
279 3537 355 3629 ejus
379 3541 575 3634 exagitata,
615 3541 742 3612 exierit
763 3539 879 3629 sorar,
921 3538 1182 3613 &circumiens

127 3651 298 3732 peragret
321 3639 415 3710 circa
436 3639 580 3711 domurn
601 3660 676 3711 non
698 3639 917 3734 ingrediens,
954 3639 987 3710 ἀ
1011 3660 1055 3711 ex
1083 3638 1182 3712 omni

125 3751 231 3830 parte
250 3733 458 3829 prospiciat,
497 3739 639 3826 quando
663 3736 705 3809 ad
726 3760 801 3809 eam
818 3737 941 3809 redeat
954 3734 1116 3830 sponsus:
1149 3734 1213 3810 &⁸

127 3854 218 3906 ecce
237 3833 354 3906 subito
373 3835 495 3906 vident
512 3857 592 3908 cum
612 3836 816 3909 vicinorum
833 3837 1008 3910 montium
1023 3835 1106 3928 juga
1121 3833 1184 3906 im·

124 3931 256 4008 mensis
278 3929 420 4007 saltibus
442 3932 685 4026 superantem,
716 3931 929 4008 descendere
947 3933 990 4007 ad
1013 3933 1183 4025 domum,

126 4033 386 4222 l‘llsllll}
402 4029 1184 4226 illlslssllllillusistis

782 4182 796 4221 2

124 4228 264 4326 ipsum,
292 4232 532 4325 considerans,
558 4245 601 4304 ut
616 4225 813 4403 {erisolet
839 4229 983 4326 aliquid,
1009 4227 1180 4399 8ξῖἳὲωο

673 4353 699 4422 4
1049 4347 1072 4399 2
1130 4364 1143 4379 ·
