2734 4859
351 562 728 702 tt'ontttn'
776 613 936 740 tnu-
1082 644 1153 721 sn

86 783 239 884 populo·
254 783 413 867 metior,
447 806 518 858 nec
538 795 756 878 contempto
773 781 895 877 iudice
915 781 1001 862 Deo
1020 784 1066 861 ab
1086 785 1155 862 ho·
1193 839 1210 858 ,

88 888 225 961 minum
244 885 385 959 malitiis
402 881 605 980 separatur,
629 904 706 957 non
723 880 904 976 possumutt¹
922 887 1071 974 dicere:
1098 890 1155 958 So·

87 988 142 1060 int
151 984 309 1077 sedebam,
335 982 494 1059 sedemus
517 985 649 1079 quippe
667 1004 747 1058 cum
770 985 940 1076 plurimis.
993 984 1165 1080 Quando·

91 1102 213 1158 autern
234 1085 311 1157 vita
327 1083 451 1159 ,nostra
471 1083 581 1158 fuerit
600 1082 826 1176 istiusmodi,
851 1099 893 1156 ut
914 1086 1032 1158 nulius
1048 1085 1156 1160 nobit

92 1180 216 1276 sensu,
249 1181 438 1278 sermone,
470 1180 573 1281 gestis
599 1198 834 1275 cpaequetur,
868 1199 955 1258 tunc
973 1180 1156 1279 possumus

92 1283 234 1357 dicere:
258 1285 352 1356 Scins
362 1284 522 1372 sedebam..
561 1282 667 1356 Licet
683 1281 745 1373 ei,
771 1284 831 1373 qui
850 1281 991 1357 nonest
1006 1284 1158 1375 pretby·

91 1398 168 1463 ter,
195 1396 256 1455 aut
272 1379 482 1476 episcopus,
508 1394 570 1455 aut
589 1383 794 1472 diaconus,
819 1397 881 1455 aut
907 1383 973 1455 alia
995 1383 1156 1475 qualibet

89 1482 285 1556 decoratus
315 1481 470 1555 ecclestae
491 1481 691 1579 dignitate,
724 1480 819 1554 benc
849 1482 992 1556 viventi
1017 1482 1156 1556 dicere:

89 1584 188 1653 Seius
199 1577 357 1668 sedebam,
378 1589 456 1680 quia
470 1584 686 1653 amaritudine
701 1584 814 1677 pientes
826 1582 907 1667 sunt.
938 1578 993 1653 “Si
1011 1576 1103 1654 teriia
1121 1580 1158 1654 dt

90 1676 239 1777 angusta
258 1677 310 1753 est
325 1681 409 1768 via,
434 1701 510 1774 quae
530 1680 629 1753 ducit
648 1679 842 1773 advitam,
868 1679 1015 1774 expedit
1027 1680 1090 1753 tibi
1111 1681 1158 1753 ab

91 1780 194 1853 omni
208 1777 396 1854 dulcedine
409 1780 618 1873 recedenti,
642 1793 684 1850 ut
697 1778 930 1852 amaritudine
942 1777 1157 1872 inpraesenti

89 1876 223 1953 saeculo
242 1879 464 1973 compleatis.
517 1878 578 1952 An
597 1879 770 1974 ignoras,
803 1880 971 1970 quoniam
991 1875 1159 1952 solemni·

91 1989 150 2054 tas
184 1976 254 2052 Dei
287 1975 458 2070 adjunctis
492 1976 783 2051 amaritudinibus
817 1975 1052 2060 celebraturi
1087 1975 1156 2050 Ait

91 2078 227 2172 quippe
254 2074 370 2151 sermo
398 2077 569 2153 divinus:
610 2080 688 2149 Οκω
718 2076 899 2153 habueritis
921 2078 1002 2148 den
1019 2076 1158 2171 setium,

90 2202 210 2272 azyma
223 2175 318 2271 fitpet
339 2179 591 2259 amaritudinem
615 2175 858 2248 manducabitis.
906 2173 1014 2250 Simul
1035 2175 1157 2253 autem

92 2273 388 2364 considerandum
401 2291 514 2370 puto,
541 2275 624 2366 quid
635 2275 728 2349 velit
740 2276 817 2350 haec
826 2273 950 2369 juffio,
976 2293 1157 2369 quaeprae·

92 2375 193 2467 cepit
205 2389 368 2473 agentem
386 2373 515 2468 pascha
529 2373 598 2449 Dei
616 2395 743 2469 azyma
760 2393 844 2449 cum
862 2374 1154 2468 amaritudinibus
1243 2403 1251 2413 ·

91 2473 318 2550 manducare.
378 2471 429 2547 Et
453 2475 498 2547 de
516 2475 649 2567 azymis
669 2472 753 2567 quid
774 2472 825 2549 est
847 2495 926 2548 mea
943 2470 1157 2568 interpretat

93 2572 186 2647 tio?
221 2570 421 2669 Apostolus
443 2572 572 2648 Paulus
599 2571 776 2667 exposuit.
839 2573 899 2647 De
923 2574 1158 2649 amaritudine

91 2693 189 2746 vero
206 2674 304 2767 quod
322 2670 478 2765 sequitur
492 2672 633 2749 neceffe
645 2671 720 2765 est,
744 2688 787 2745 ut
798 2672 928 2764 aliquid
950 2671 1156 2765 apostolicae

90 2770 324 2865 disputationi
343 2771 452 2849 simile
469 2772 649 2849 reddatur.
700 2770 761 2847 De
774 2775 906 2867 azymis
921 2774 1042 2862 itaque
1054 2773 1156 2865 Apo-

92 2873 208 2946 stolus
230 2872 281 2947 ita
298 2871 404 2947 dicit:
429 2874 517 2969 Fefla
532 2872 712 2945 celebremus
727 2896 792 2941 nott
810 2877 848 2942 in
859 2872 1018 2967 fermento
1032 2876 1156 2961 veteri,

93 2996 196 3069 neque
210 2976 248 3043 in
255 2971 416 3067 fermento
426 2973 561 3046 malitie
577 2970 617 3050 U
634 2976 804 3069 nequitia,
825 2970 878 3058 feti
897 2977 934 3041 itt
950 2975 1076 3065 azymis
1085 2971 1157 3072 fin?

92 3077 238 3143 ceritati
258 3071 299 3150 ct
316 3075 482 3144 unitatis.
534 3070 594 3146 De
612 3069 901 3158 amaritudinibus
920 3069 1060 3146 neceffe
1077 3070 1156 3167 est,
1211 3092 1215 3098 ·

95 3186 139 3244 ut
155 3173 233 3246 talis
253 3170 347 3244 tatio
359 3171 551 3267 reddatur,
577 3192 654 3262 qum
668 3171 818 3246 doceat,
842 3169 888 3244 stc
901 3177 959 3243 eas
973 3171 1158 3244 celebran-

95 3270 184 3364 das,
209 3270 398 3365 quomodo
423 3291 548 3362 azyma
572 3270 820 3345 comedantur.
870 3268 1017 3344 Habeto
1047 3267 1160 3370 fince-

92 3371 238 3446 ritatcm
258 3369 293 3444 t:
314 3371 527 3464 veritatem,
555 3370 590 3443 o
608 3366 858 3444 amaritudines
880 3384 917 3442 te
937 3366 1153 3462 sequentur,

94 3468 367 3545 &manducabis
380 3489 505 3561 azyma
515 3490 595 3544 cum
609 3465 1030 3543 fincetitatedtveritate.
1058 3469 1155 3568 Quia

93 3567 224 3645 Paulus
235 3567 434 3645 istiusmodi
446 3589 570 3662 azyma
586 3567 818 3658 comedebat,
844 3564 1055 3663 sequebatur
1072 3589 1156 3644 eunt

97 3668 322 3763 amaritudO,
348 3668 544 3744 dicentem:
571 3668 823 3742 Inimicutvaiis
834 3665 1050 3759 juiiussem,
1074 3692 1154 3741 veru

99 3768 219 3838 ditent.
268 3759 514 3846 Manducabat
532 3765 782 3846 amaritudines
799 3771 836 3837 t'tt
848 3768 969 3860 dolare,
991 3768 1155 3856 initiare,

96 3874 139 3939 in
159 3866 284 3960 vigiliis
292 3866 512 3965 frequentet,
548 3871 587 3939 t'n
599 3867 689 3961 sumt
710 3864 749 3944 dt
757 3866 841 3963 fiii,
875 3881 977 3941 extra
1000 3883 1153 3957 coeteta,

98 3986 179 4057 quae
198 3983 265 4059 pto
281 3968 395 4044 totius
416 3965 536 4043 mundi
555 3964 666 4043 salute
689 3966 894 4063 pandebat,
920 3966 955 4041 dt
975 3988 1052 4057 quae
1070 3988 1156 4042 eunt

94 4066 282 4143 faciebant
305 4064 483 4159 ptaefidem
507 4069 669 4143 veritatis
695 4085 817 4160 azyma
849 4087 927 4140 cum
955 4066 1154 4142 amaritudi-

95 4167 204 4243 nibus
222 4165 445 4244 manducare.
495 4163 545 4240 Et
565 4167 624 4240 lex
642 4166 783 4261 quidem
805 4166 879 4240 haec
898 4165 1005 4249 dicit,
1028 4183 1153 4254 azyma

100 4287 182 4345 cum
208 4265 497 4344 amaritudinibus
521 4267 730 4356 comedite,
756 4264 790 4335 dt
811 4265 1026 4362 implemini,
1063 4263 1152 4336 ficut

152 4370 297 4465 origeni
315 4365 484 4444 TundX.
717 4359 791 4443 00
1083 4360 1127 4429 b.
