2734 4859
186 623 242 698 44.
299 589 538 676 carastus
563 588 622 674 m
645 591 934 672 caruncula·
947 595 1151 706 cauare.

190 763 298 856 ou'cs',
309 760 368 838 sed
383 761 724 852 interhoedostuos,
742 767 822 835 cu'm
833 760 960 852 quibus
974 760 1196 859 habitans,n

185 865 328 964 poteris
350 882 512 954 mecum,
538 864 574 935 ld
587 859 656 952 est,
683 881 764 933 cum
780 862 882 934 bono
904 859 1047 954 pastore
1065 863 1147 938 else.

194 1023 200 1030 .
266 985 322 1037 10.
347 965 604 1062 &siracusanae
620 955 812 1032 incursibus
832 963 1011 1034 Pharaonis
1025 961 1196 1056 affinisav.

185 1069 287 1139 amica
309 1089 387 1136 mea.
439 1061 476 1138 Si
500 1064 556 1136 vis
577 1061 806 1157 intelligere,
833 1082 858 1134 o
881 1060 1031 1156 sponsa,
1057 1085 1196 1157 quomo

185 1163 276 1240 scire
289 1179 328 1238 te
349 1165 501 1246 debeas,
519 1159 727 1260 cognosce,
754 1162 811 1234 cui
829 1173 866 1235 te
882 1167 1191 1255 comparaverim:

186 1259 276 1338 'tunc
290 1264 450 1358 videbis,
477 1266 586 1338 talem
597 1274 635 1335 te
647 1259 740 1350 elle,
765 1281 843 1352 quae
858 1261 992 1336 turbari
1007 1283 1083 1336 non
1097 1265 1196 1342 debe:

186 1385 269 1438 cum
282 1361 540 1458 tuamspeciem
558 1360 790 1460 cognoveris.
818 1361 916 1460 Quid
931 1359 1122 1458 estigitur,
1147 1369 1196 1464 aq

185 1469 276 1538 torui
292 1489 356 1536 mco
372 1470 409 1536 in
424 1465 568 1535 cunibus
588 1459 957 1552 Pharaonis'affiou'lavr'
966 1469 1020 1533 rr?
1043 1463 1128 1537 Scio
1150 1487 1196 1560 eq

183 1578 259 1638 tem
275 1563 438 1660 sponsum
446 1595 465 1655 ,·
485 1562 668 1656 Propheta
685 1561 850 1636 dicente:
879 1562 927 1634 Ee
943 1565 1099 1660 equitatio
1116 1570 1185 1663 rjus

183 1666 246 1744 lus.
280 1663 474 1740 Aliimilata
488 1685 527 1737 es
538 1682 627 1760 ergo
642 1661 817 1752 equitatui
831 1683 916 1734 meo
926 1663 962 1735 in
980 1663 1143 1739 curribus
1158 1665 1196 1740 Pl

181 1767 318 1840 raonis.
379 1763 565 1861 Quantum
584 1759 708 1836 differt
726 1762 906 1852 equitatus
930 1784 1056 1855 meus,
1074 1765 1152 1856 ·qui
1172 1763 1196 1840 st

108 1883 111 1888 ·
181 1859 389 1956 Dominus,
421 1863 650 1959 &demergo
672 1863 711 1936 iu
737 1859 901 1936 fluitibus
927 1859 1180 1958 Pharaonem,

181 1963 347 2038 cristatos
362 1964 423 2037 vel
441 1966 578 2060 aurigas
591 1965 689 2055 ejus,
710 1959 743 2034 ta
759 1956 959 2036 ascensores
975 1963 1050 2054 ejus
1066 1963 1099 2036 u
1116 1983 1196 2056 equa

182 2063 219 2138 δι
241 2083 367 2137 currus
388 2064 489 2155 ejus:
516 2079 708 2155 quantum,
733 2061 899 2154 inquam,
926 2061 1048 2135 differt
1063 2066 1196 2155 equitat

180 2185 282 2240 meus
304 2163 348 2236 ab
360 2162 467 2253 equis
485 2161 706 2253 Pharaonis,
739 2174 843 2234 tanto
862 2162 991 2236 melior
1015 2183 1053 2235 es
1077 2168 1196 2238 omnib

180 2261 321 2338 filiabus
346 2274 388 2334 tu
412 2259 557 2354 sponsi,
588 2275 630 2334 tu
655 2259 889 2334 ecclebsstica
912 2262 1048 2354 anima,
1075 2261 1196 2339 omnu

179 2362 383 2453 animabus,
410 2382 489 2454 quae
511 2381 591 2435 non
614 2359 695 2434 sunt
714 2359 966 2436 ecclesiasticae.
1017 2361 1129 2458 Igitur
1146 2365 1196 2436 fis

181 2459 369 2542 clesrastica
385 2462 500 2534 aalma
519 2483 580 2554 es,
607 2461 773 2534 omnibus
789 2462 971 2534 animabus
987 2483 1025 2534 es
1044 2465 1193 2537 melior:

177 2580 257 2638 non
275 2582 313 2633 es
326 2560 478 2652 melior,
503 2560 885 2635 nonesecclesrastica.
940 2564 1193 2658 Quiraruimea

177 2663 323 2733 curribus
351 2663 529 2734 Pharaonis
555 2689 576 2732 a
603 2663 732 2735 amiloui
751 2677 783 2731 re
802 2667 947 2755 proxima
972 2687 1049 2734 mea.
1099 2662 1196 2737 Dein

176 2761 479 2858 pulchritudinem
493 2758 627 2852 sponsae
643 2758 786 2853 spiritali
800 2781 923 2833 amore
940 2760 1116 2836 describit.
1146 2768 1196 2836 Ga

177 2880 240 2934 rua
256 2879 294 2932 ur
309 2865 462 2932 lunaris.
512 2861 654 2934 Faciem
669 2861 762 2932 illius
781 2861 919 2952 laudat,
946 2863 1165 2957 &genarum
1183 2887 1196 2936 1

177 2965 270 3037 bore
289 2960 526 3035 succenditur.
578 2959 815 3033 Pulchritudo
838 2960 970 3052 quippe
995 2963 1183 3036 mulierum

174 3064 276 3162 genis
291 3062 422 3134 dicitur
438 3059 508 3133 esse
524 3061 791 3154 quamplurima.
842 3059 898 3134 lta
913 3059 946 3131 dt
964 3079 1031 3132 nos
1047 3063 1196 3155 pulchris

176 3163 296 3237 dinem
313 3165 436 3235 animae
451 3161 688 3255 intelligamus
706 3162 742 3232 in
757 3161 868 3255 genis.
921 3159 1030 3233 Labia
1042 3182 1135 3233 vero
1149 3165 1196 3256 ejr

176 3261 384 3356 &linguam
407 3261 680 3356 intelligentiam
704 3261 946 3352 praedicemus.
1001 3263 1120 3332 Callum
1148 3284 1196 3335 aaa

174 3380 213 3434 rar
234 3365 361 3433 monile.
416 3361 472 3432 Ut
496 3367 782 3449 ornamentum,
821 3358 919 3448 quod
941 3358 1033 3432 solet
1058 3363 1196 3460 virginu

175 3463 275 3535 collo
293 3459 475 3553 pendere,
501 3459 536 3530 dr
554 3472 782 3551 nuncupatur
804 3455 984 3559 ὁρμισιως,
1010 3463 1059 3534 ita
1079 3462 1151 3537 stne
1166 3464 1196 3536 h·

174 3560 358 3636 decore&
380 3575 481 3632 tuum
499 3556 611 3653 ipsum
629 3559 763 3631 collum
781 3558 832 3631 est
847 3576 1110 3637 ornamentum.
1137 3563 1196 3636 Po.

172 3661 250 3737 hac
275 3658 317 3732 fit
338 3656 485 3753 sponsus
509 3661 546 3732 in
570 3659 749 3732 recubitu.
800 3658 998 3749 Requievit
1019 3677 1060 3731 ut
1084 3664 1169 3753 leo,

172 3761 313 3834 catulus
331 3759 448 3831 leonis
463 3758 713 3848 obdormivit,
730 3770 772 3830 ut
790 3758 958 3850 deinceps
976 3759 1079 3851 poffit
1095 3764 1195 3835 arrdir

170 3864 260 3955 Quis
271 3859 437 3946 sufilrallr
450 3857 552 3933 eum?
577 3861 665 3955 Quo
682 3858 823 3930 interim
845 3856 1049 3932 dormiente
1063 3883 1193 3953 appare

172 3956 306 4056 sponsae
326 3957 441 4051 sponsi
461 3958 598 4032 sodales
623 3959 761 4054 angeli,
793 3955 897 4030 &his
918 3981 995 4032 eam
1012 3959 1196 4035 sermonib'

172 4060 418 4136 consolantur.
468 4057 551 4131 Nos
570 4057 634 4131 tibi
657 4077 763 4131 aurea
784 4074 995 4131 ornamenta
1016 4059 1136 4132 facere
1158 4085 1196 4135 nr

171 4161 374 4256 possumus:
402 4161 591 4233 nonenim
613 4171 685 4232 tam
709 4159 842 4232 divites
860 4157 1001 4253 sumus,
1028 4175 1069 4233 ut
1087 4161 1196 4252 spons

171 4276 278 4360 tuus,
304 4259 365 4359 qui
380 4278 525 4337 aureum
550 4259 616 4334 tibi
635 4259 772 4337 monile
789 4258 968 4357 largiatur.
1021 4260 1060 4334 N
1063 4283 1103 4333 os
1123 4263 1195 4336 fimi

1019 4362 1182 4440 tudinem
