2734 4859
605 243 609 254 a

284 613 319 676 ..'
381 603 482 686 ΗΟ
506 603 595 684 M-I·
616 604 651 683 L
673 602 757 690 [A
805 601 917 688 x1v.
1121 624 1193 710 573

133 774 226 868 baa,
249 769 286 850 c
316 765 513 866 speluncis,
530 768 574 846 ‚tr
599 770 763 846 cavernis
785 766 967 864 petrarum
990 763 1192 864 latitabant.

136 872 236 976 Quid
257 889 346 970 ergo
363 868 447 945 esti
478 869 503 943 li
527 869 605 964 quis
630 869 711 943 vult
731 868 861 944 imitari
881 867 974 942 vitat
998 870 1192 963 propheta·

134 996 236 1055 rum,
261 973 443 1068 increpet,
468 982 663 1066 arguatque
676 981 910 1063 peccatores,
935 965 1051 1042 statim
1068 969 1194 1050 odium

135 1072 358 1165 merebitur,
383 1066 497 1144 statim
523 1069 562 1143 ei·
580 1068 810 1162 detrahetur,
834 1065 949 1142 stetim
964 1069 1119 1164 patietur
1139 1069 1193 1143 in·

135 1173 248 1248 srdiaa.
298 1170 411 1270 Quod
438 1171 545 1244 etiam
562 1169 601 1244 in
625 1166 780 1242 ecclesiis
801 1166 892 1260 sepe
913 1166 1075 1242 videmus
1099 1167 1192 1242 acci·

134 1272 232 1346 dere.
281 1268 493 1343 Peccaverit
512 1266 701 1361 quodlibet
719 1267 909 1364 quispiam:
934 1266 992 1360 ia,
1024 1267 1085 1359 qui
1103 1287 1193 1362 prae-

135 1371 225 1445 sadec
242 1369 404 1463 populo,
428 1366 461 1440 dr
478 1369 572 1464 regit
582 1367 849 1442 ecclenasticam
862 1365 1104 1459 disciplinam,
1130 1369 1191 1460 eji-

136 1473 189 1543 cit
207 1489 289 1545 eum
313 1467 358 1541 de
382 1469 663 1566 congregatione
680 1463 884 1541 sannorum
904 1463 1027 1538 illico:
1051 1466 1192 1540 illecir·

137 1571 214 1643 cuit
238 1567 451 1661 civitatem,
474 1567 608 1641 lacerat
635 1587 741 1659 eum,
773 1565 859 1659 qui,
895 1563 1127 1657 quantumin
1152 1561 1192 1642 se

134 1667 228 1761 fuit,
253 1664 434 1741 ecclesiam
450 1665 661 1740 vindicavit.
710 1665 850 1740 Verum
863 1683 1021 1739 noanon
1036 1664 1192 1758 prebea-

133 1787 213 1843 mua
240 1766 293 1839 his
318 1785 468 1858 aurern,
511 1767 572 1860 qui
595 1780 748 1862 propter
778 1763 1192 1854 excommunicationem

134 1864 278 1940 suitam
302 1864 533 1961 prepolltos,
560 1884 665 1957 quam
689 1884 833 1941 omnem
856 1862 1012 1939 ecclelioe
1030 1883 1193 1939 conven-

133 1980 212 2039 tum
239 1965 374 2039 vesano
408 1983 475 2038 ore
506 1964 712 2043 dilacerant.
772 1962 875 2038 Beati
905 1981 1000 2038 vero
1036 1961 1193 2058 apostoli

134 2065 236 2139 omni
253 2064 489 2139 admiratione
510 2063 605 2160 digni
621 2063 940 2150 innumerabilibus,
954 2061 1107 2157 propter
1126 2085 1191 2139 ve·

115 2166 275 2239 ‚ritatem
284 2161 421 2255 iniuriis
430 2159 560 2259 affetti,
570 2164 830 2259 loquebantur:
849 2166 1012 2264 Ρυμιτω
1025 2163 1190 2262 conplaceo

132 2265 217 2336 nihi
236 2268 275 2334 ira
296 2262 556 2358 infirmitatibar,
579 2266 617 2334 ira
635 2265 852 2352 contumeliis,
867 2266 917 2336 -a'n
933 2257 1189 2354 mfftatibas,
1291 2267 1295 2280 '

133 2369 173 2434 in
190 2359 505 2461 persecutionibus&
520 2362 675 2461 angustiis
693 2383 752 2460 pra
769 2361 899 2460 carnia
949 2359 1036 2436 Hoc
1050 2376 1191 2444 tantum

129 2465 297 2537 laborare
312 2464 510 2555 convenit,
534 2475 576 2535 nt
587 2483 656 2557 pro
668 2463 768 2538 nulla
783 2461 904 2540 aliare
920 2461 983 2536 nin
998 2481 1068 2556 pro
1085 2461 1197 2552 Chri.

130 2561 188 2636 sto
204 2560 428 2636 sustineamus
447 2563 722 2656 contumeliam,
748 2559 1009 2640 &necessitatis
1027 2560 1127 2637 causa
1146 2561 1190 2638 sat

132 2659 304 2737 Christus.
361 2660 404 2734 Id
426 2675 620 2756 optemus,
650 2675 693 2736 ut
709 2661 892 2748 maledicta
913 2661 1086 2756 perpessi,
1119 2683 1189 2757 pro

131 2763 288 2835 veritate
302 2780 370 2834 nos
388 2761 551 2836 maledici
567 2761 727 2856 sciamus,
745 2765 803 2855 qui
817 2783 894 2837 eam
902 2760 1138 2854 defendimus,
1154 2761 1197 2854 dr

129 2859 380 2954 scripturarum
388 2861 580 2934 voluntate
593 2860 691 2936 omni
705 2882 786 2937 cum
796 2858 925 2936 fiducia
933 2881 1009 2933 earn
1023 2861 1188 2953 praedica·

132 2979 224 3034 mus.
269 2959 396 3057 igitur,
414 2974 585 3052 quantum
601 2959 796 3056 polluntur,
810 2960 854 3058 ad
868 2961 981 3060 ,vitam
995 2961 1190 3055 propheta·

130 3078 237 3151 rum,
264 3058 298 3133 dc
318 3057 564 3154 apostolorum
578 3059 891 3136 conversationem
907 3058 1107 3134 imitandam
1119 3081 1190 3136 noa

131 3159 386 3251 extendamus,
406 3157 582 3233 molestias
596 3159 629 3231 δι
642 3161 799 3253 pericula
813 3180 889 3235 non
902 3158 1071 3234 vitantes.
1097 3159 1191 3236 Ath-

132 3259 208 3333 leta
230 3260 352 3353 enim,
377 3258 403 3332 li
428 3256 669 3342 difficultatem
695 3262 896 3334 certaminis
916 3258 1072 3354 fugerit,
1105 3279 1188 3336 cum

132 3359 258 3433 latitia
277 3379 354 3433 non
373 3371 591 3452 coronatur,
617 3358 777 3433 &laudis
794 3359 944 3457 gloriam
964 3375 1042 3432 nan
1066 3357 1191 3436 conse-

133 3461 267 3550 quitur.
626 3477 643 3498 ²

212 3578 269 3648 15.
297 3559 345 3631 Et
362 3557 535 3650 eritscrmo
555 3573 631 3632 taus
645 3557 730 3636 milti
751 3558 959 3632 talariam.
1007 3555 1099 3633 Non
1119 3560 1188 3636 ait:
1261 3587 1279 3600 ·

139 3654 217 3752 Est,
245 3657 323 3732 sed:
348 3660 447 3746 Erit,
473 3657 639 3760 liquidem
654 3658 691 3732 in
706 3656 867 3752 prasenti
889 3665 1053 3750 tempore
1070 3679 1190 3736 carce·

132 3775 222 3850 res,
258 3759 388 3853 exilia,
417 3759 650 3831 contumelias
678 3779 720 3833 ac
747 3759 890 3832 labores
917 3758 1003 3834 mihi
1035 3757 1186 3852 tnlauit3

134 3853 196 3928 scd
220 3855 350 3932 horum
370 3856 528 3932 omnium
548 3853 629 3932 finis
649 3857 719 3931 erit
744 3858 876 3934 letitia.
933 3859 1067 3932 Eraria
1091 3859 1189 3946 (nmo'

135 3972 214 4030 tuus
231 3958 312 4026 milri
326 3963 363 4028 in
376 3957 524 4030 letitiam
539 4009 550 4045 ‚
575 3957 615 4032 U
623 3958 772 4053 gaudiam
785 3963 886 4029 cordis
902 3951 963 4030 mt'i
972 4008 982 4045 ,
1004 3962 1080 4058 quia
1096 3963 1191 4032 inua-

133 4072 239 4129 caruaa
256 4057 298 4153 cst
314 4081 427 4130 nomen
455 4074 548 4129 raum
561 4057 654 4155 super
671 4081 742 4146 aar,
786 4062 924 4130 Domine
937 4071 1033 4155 pater
1052 4064 1192 4156 amnipo-

133 4173 218 4229 tens.
270 4153 428 4231 Etiamsi
446 4155 604 4233 Christus
627 4158 700 4233 hoc
715 4156 829 4252 dicit,
854 4178 931 4232 non
950 4155 1121 4231 abhorret
1143 4158 1188 4232 ab

132 4253 334 4336 intellcttur
358 4276 491 4338 nomeu
509 4260 641 4358 quippe
657 4254 771 4336 Patria
790 4258 1003 4337 invocatum
1017 4255 1069 4334 est
1084 4254 1188 4354 super

1046 4375 1151 4434 eum.
