2734 4859
632 669 761 780 *Η
809 643 1432 818 o'M1t1A
1503 697 1896 783 .xv111..
2179 710 2326 808 ⁶69

178 875 411 963 ταῶς
450 888 605 959 quae
642 863 972 962 praedic‘ta
1003 865 1164 940 sunt
1189 896 1225 959 ,·
1268 864 1922 946 oculi-tui-videbnnae.
2025 866 2124 940 Ee
2151 882 2215 942 te
2243 866 2324 948 θ’

190 985 435 1044 omnem
467 967 717 1066 Judam
751 970 899 1039 dabo
942 973 1016 1036 in
1058 989 1287 1038 manns
1320 968 1477 1060 κείς
1509 965 1876 1061 Babylonis.
1979 963 2325 1066 Quicum·

191 1092 339 1162 que
381 1092 469 1142 ex
520 1068 697 1163 Juda
740 1064 1214 1160 deprehensus
1270 1063 1492 1140 fuerit
1527 1067 1638 1138 ita
1675 1066 1991 1158 peccatis
2029 1069 2322 1142 involu-

195 1187 317 1243 tus
343 1224 365 1258 ‚
411 1186 493 1240 ut
527 1170 777 1264 dignus
813 1168 895 1240 fit
922 1187 1101 1262 rege
1116 1164 1560 1257 Babylonis,
1589 1165 1660 1240 id
1681 1161 1830 1257 est,
1861 1163 2317 1262 confusione,

197 1270 524 1342 tradetur
574 1269 720 1361 ipfi.
822 1263 920 1338 Et
950 1287 1080 1339 rex
1123 1263 1516 1356 Babylonis
1559 1281 1982 1356 peccatores
2034 1267 2316 1363 accipit:

197 1369 442 1442 Porro
479 1389 607 1440 rex
648 1367 1035 1458 Babylonis
1077 1362 1462 1440 secundum
1492 1361 1856 1440 historiam
1895 1362 2176 1458 quidem
2221 1363 2324 1440 est

194 1465 937 1560 Nabuchodonosor,
1002 1462 1390 1541 secundum
1436 1484 1808 1562 anagogen
1855 1473 2042 1538 vero
2071 1517 2096 1552 ‚
2159 1462 2321 1540 Ma-

191 1569 448 1663 lignus.
505 1566 692 1639 Huic
712 1565 1015 1638 traditur
1043 1578 1419 1658 peccator,
1451 1564 1616 1657 quia
1641 1562 1834 1638 fimul
1865 1563 2193 1640 inimicus
2217 1564 2320 1640 est

194 1669 268 1738 ἀ
310 1669 558 1739 ultor.·
634 1666 854 1764 Quod
885 1678 1122 1739 autem
1160 1663 1225 1736 ei
1222 1677 1608 1836 npeccator
1642 1664 2008 1762 tradatur,
2059 1662 2244 1738 disce
2277 1686 2348 1752 ι,

198 1765 468 1857 Panic,
525 1778 675 1837 tum
710 1766 831 1838 ubi
863 1765 952 1838 de
976 1763 1219 1860 Phyge
1277 1783 1326 1836 o
1369 1763 1438 1837 δι
1464 1763 1929 1860 Hermogene
1959 1763 2094 1844 ait:
2144 1766 2330 1858 Quos

197 1866 447 1937 tradicio
480 1917 501 1949 ,
555 1865 835 1955 inquit,
912 1867 1218 1953 Satanae,
1288 1881 1366 1938 ut
1412 1865 1655 1956 discant
1686 1887 1818 1938 nm
1863 1861 2323 1961 blasphemrae3
2431 1953 2436 1962 ,

195 1981 355 2038 tum
392 1966 516 2037 ubi
543 1965 635 2037 de
668 1962 975 2037 incesto:
1033 1968 1468 2057 congregatis,
1515 1961 1787 2056 inquit,
1835 1962 2044 2052 vobs),
2069 1965 2172 2041 'O'
2193 1990 2325 2040 meo

185 2065 438 2165 spiritu
460 2116 479 2151 ,
533 2088 669 2134 cum
707 2068 965 2134 virtute
1004 2068 1274 2138 Domine·
1306 2062 1504 2161 nostri
1540 2063 1704 2160 Jesu
1739 2063 1979 2161 christe·
2007 2115 2032 2153 ,
2072 2066 2326 2164 judica·

194 2170 283 2238 vi
319 2168 564 2245 tradere
605 2166 963 2261 hujusmodi
1000 2167 1265 2236 Satanae
1293 2167 1369 2234 in
1403 2171 1748 2237 imeritnm
1775 2171 1988 2236 camis
2020 2218 2046 2259 ,
2100 2182 2172 2238 ut
2205 2165 2329 2262 [pi-

200 2270 381 2352 ritus
404 2264 621 2349 salvus
636 2266 723 2355 fit
754 2270 827 2332 in
859 2266 959 2334 die
993 2268 1267 2335 Domini
1291 2263 1489 2360 nostri
1522 2266 1680 2361 Jesu
1710 2265 1972 2363 Christi.
2077 2265 2330 2364 Itaque

198 2364 507 2437 traditur
542 2360 846 2436 Paschor
883 2363 999 2436 hic
1034 2365 1134 2437 ob
1166 2365 1314 2438 oris
1351 2361 1455 2439 sui
1491 2363 1932 2462 nigredinem
1973 2363 2047 2440 in
2075 2385 2324 2442 manus

192 2465 383 2561 regis
413 2463 832 2555 Babylonis,
939 2465 1033 2536 Et
1058 2470 1332 2558 migrare
1352 2463 1611 2557 facient
1641 2488 1782 2537 eum
1815 2474 1890 2535 m
1922 2465 2326 2561 Babylonem,

192 2565 277 2643 ὕ
318 2566 718 2636 τνιιιίάαόκητ
748 2588 841 2635 eos
879 2568 952 2634 in
979 2564 1187 2656 gladio
1210 2590 1234 2633 .·
1285 2565 1361 2641 O·
1401 2564 1555 2637 dabo
1569 2562 2044 2659 fortitudinem
2082 2568 2328 2645 ommni,

188 2670 494 2736 csvitatis
533 2664 750 2760 hujus.
850 2662 1192 2738 Proclive
1228 2662 1332 2739 est
1361 2665 1601 2740 dicere
1633 2663 1785 2739 haec
1826 2663 1908 2739 ad
1938 2665 2327 2763 Jerusalem

190 2763 561 2861 spectare3
617 2763 848 2836 omnis
891 2764 1081 2840 enim
1112 2765 1345 2836 virtus
1381 2766 1534 2858 ejus
1582 2764 1649 2838 &
1679 2784 1833 2855 quae
1858 2764 2326 2858 adjiciuntur,

193 2881 378 2937 tunc
415 2864 561 2958 regi
592 2862 1158 2955 Babyloniorum
1192 2863 1452 2937 tradita
1484 2862 1666 2939 sunt.
1767 2862 2188 2960 Promptum
2221 2865 2328 2940 est

197 2965 442 3037 dicere
487 2964 638 3036 haec
672 2963 1038 3054 pertinere
1080 2962 1169 3036 ad
1212 2965 1633 3052 civitatem,
1686 2982 1839 3056 quae
1879 2966 2122 3057 paucis
2162 2964 2327 3057 post

195 3064 652 3137 Salvatorem
700 3062 897 3135 annis
945 3061 1202 3135 tradita
1252 3061 1353 3135 est
1395 3063 1719 3137 inimicis,
1824 3062 1908 3136 In
1952 3064 2328 3157 captivita-

195 3178 350 3237 tem
390 3160 664 3234 abduffl
702 3160 861 3234 sunt
895 3159 1015 3235 filii
1056 3159 1474 3254 Jerusalem,
1529 3160 1597 3233 ἃ,
1627 3161 1875 3238 eversa
1911 3161 2013 3237 est
2043 3163 2328 3239 civitas.

198 3263 428 3362 Quod
476 3262 522 3335 si
564 3283 713 3336 rem
746 3261 1257 3355 perpenderis,
1313 3261 1380 3336 &
1415 3262 1486 3336 in
1522 3263 1821 3336 civitate
1866 3283 2022 3336 non
2058 3263 2327 3356 lapides

193 3361 671 3456 specstaveris,
747 3359 863 3433 sed
924 3362 1300 3455 homines‘‚
1378 3362 1655 3436 videbis
1679 3417 1705 3453 ‚
1776 3363 1968 3438 illam
2034 3383 2344 3454 quoque·

193 3464 624 3560 Jerusalem,
684 3461 1010 3533 homines
1056 3480 1315 3554 nempe
1351 3462 1451 3535 ob
1486 3459 1778 3544 suumin
1812 3459 2168 3538 Christum
2194 3464 2332 3536 im·
2429 3458 2442 3478 ‘

195 3563 548 3658 pietatem
600 3559 668 3631 δι
729 3575 1106 3652 peccatum
1160 3561 1467 3632 traditos
1520 3558 1660 3633 ess'e
1705 3561 1858 3658 regi
1905 3561 2324 3655 Babylonis·

193 3660 329 3734 Tu
379 3681 671 3753 quoque
720 3657 1098 3756 Jerusalem
1141 3680 1332 3734 nunc
1384 3681 1484 3736 es,
1585 3659 1655 3732 Si
1713 3660 1926 3758 igitur
1975 3661 2332 3753 ejusmodi

200 3761 413 3835 minae
437 3759 817 3854 jerusalem
867 3781 1058 3832 nunc
1097 3759 1495 3852 jactantur,
1549 3761 1858 3854 timeto,
1908 3783 2003 3834 ne
2030 3769 2332 3860 peccan-

205 3859 309 3932 do
350 3857 729 3953 Jerusalem
776 3857 900 3932 fias
931 3860 1344 3952 peccatrix,
1397 3861 1465 3932 δι
1497 3860 1835 3952 tradaris,
1889 3875 1971 3933 ut
2009 3883 2158 3936 non
2191 3883 2331 3938 am·

202 3959 392 4053 plius
426 3958 507 4031 su
537 3958 959 4052 Jerusalem,
1017 3956 1131 4032 sed
1161 3960 1489 4052 Babylon
1525 3967 1742 4052 atque
1771 3957 2145 4056 confusio,
2181 3960 2329 4035 Na·

204 4058 841 4133 buchodonosoris
893 4059 1079 4154 regis
1130 4056 1700 4151 Babyloniorum
1754 4059 2082 4136 servituti
2131 4059 2328 4136 addi-

206 4156 388 4232 etus.
494 4160 589 4231 Ee
640 4184 846 4230 omnes
892 4159 1118 4228 labores
1152 4157 1533 4253 Jerusalem
1583 4159 1826 4235 tradit.
1928 4160 2333 4258 Quomodo

204 4258 775 4334 omneslabores
817 4255 1034 4334 tradit
1066 4253 1103 4330 2
1182 4258 1255 4332 si
1286 4259 1452 4354 post
1493 4261 1882 4335 certamina
1920 4279 2335 4358 agonesque

2076 4382 2232 4453 pcr-
