2734 4859
193 607 239 690 aa
304 559 543 674 oarosurs
568 591 627 671 nu
652 563 929 670 caudicum
952 589 1156 670 canule.

120 781 122 786 ·
192 775 321 867 petens
339 758 477 851 aDeo,
503 771 546 830 ut
565 757 745 850 aperiatur
762 755 849 849 fibi,
876 755 1105 831 &mereatur
1122 757 1265 854 accipe·¹

193 885 233 938 re
251 881 314 957 per
333 860 503 954 Spiritum
524 856 677 931 sandlum
701 861 854 929 verbum
871 855 1049 950 sapientiae
1066 911 1080 954 ,
1105 860 1262 934 verbum

194 961 369 1052 scientia,
395 956 545 1050 fierique
567 959 748 1054 particeps
765 957 857 1030 illius
880 954 1084 1051 sapientiae,
1110 979 1188 1052 quae
1211 959 1263 1032 di·

196 1065 323 1136 cebet:
361 1059 577 1130 Extendelum
597 1067 680 1128 enim
696 1057 792 1129 veria
816 1081 900 1142 mea,
927 1055 966 1133 di
984 1081 1050 1128 non
1068 1059 1277 1140 audiebatis„

194 1159 246 1234 Et
274 1159 406 1234 merlto
430 1158 627 1233 extendere
653 1155 689 1232 se
718 1157 809 1230 dixit
832 1157 945 1229 verba
967 1155 1005 1228 in
1026 1156 1101 1249 ejus
1128 1157 1263 1254 corde,

197 1263 253 1334 eui
277 1259 416 1332 dederit
439 1258 565 1348 Deus,
600 1259 688 1332 sicut
708 1254 810 1350 supra
832 1257 1011 1347 diximus,
1036 1258 1263 1332 latitudinem

198 1361 331 1434 cordis.
382 1359 563 1430 Dilatatur
581 1378 734 1450 namque
750 1359 843 1430 illius
868 1376 954 1438 cor,
979 1357 1040 1448 qul
1061 1356 1181 1452 potest
1198 1378 1263 1452 ea,

199 1481 277 1551 quaa
290 1460 453 1532 breviter
473 1458 510 1531 in
530 1456 705 1550 mysteriis
724 1454 813 1530 dida
829 1451 930 1544 sunt,
956 1457 1085 1529 latiore
1101 1455 1265 1531 doiiriua

196 1561 343 1654 sumptis
358 1580 402 1630 ex
426 1558 669 1630 voluminibus
689 1557 819 1629 divinis
835 1553 1081 1630 assertionibus
1097 1556 1265 1649 explana-

198 1680 250 1740 re.
305 1657 467 1750 Oportet
481 1657 589 1754 igitur
602 1655 792 1729 secundum
809 1655 902 1729 hanc
922 1655 1071 1729 eandem
1088 1651 1265 1750 sapientis·

198 1759 273 1832 srmi
293 1757 496 1830 Salomonis
515 1754 709 1830 dosirinam
733 1777 842 1850 eum,
868 1758 928 1847 qui
950 1753 1153 1848 sapientiam
1176 1755 1266 1830 scire

199 1858 394 1950 desiderat,
421 1859 580 1950 incipere
598 1859 640 1930 ab
655 1857 859 1930 eruditione
870 1856 1018 1944 morali,
1044 1855 1268 1952 &intellige-

198 1978 239 2031 re
257 1957 344 2032 illud
359 1963 384 2048 ,'
398 1958 497 2052 quod
513 1956 679 2052 scriptum
696 1955 766 2030 est:
797 1955 974 2052 Concuprlii
984 1955 1189 2050 sapientiam,
1200 1957 1265 2042 set·

200 2083 246 2130 era
274 2061 447 2148 mordere,
474 2056 514 2132 θ’
541 2062 696 2125 llominus
713 2057 800 2126 dalla
815 2079 882 2128 aem
895 2057 966 2127 libi.
1022 2054 1082 2128 Ob
1103 2055 1177 2130 hoc
1194 2057 1267 2128 'ma-

200 2155 305 2258 gister
319 2157 399 2247 hic,
426 2155 485 2246 qui
501 2149 633 2246 primus
650 2156 815 2229 homines
832 2155 988 2229 divinam
1006 2152 1268 2248 philosophiam

201 2259 340 2344 docet,
369 2255 490 2346 operis
510 2253 557 2326 sui
577 2257 765 2332 exordium
783 2257 1065 2348 proverbiorum
1083 2251 1206 2350 posuit
1226 2253 1266 2328 li·

202 2357 356 2443 bellum,
385 2354 421 2424 in
437 2373 531 2445 quo,
558 2369 599 2426 ut
615 2354 786 2444 diximus,
813 2355 956 2427 moralis
972 2355 1123 2426 traditur
1140 2355 1268 2428 locus:

200 2473 260 2526 ut.
288 2475 368 2524 eum
386 2451 591 2544 intelletiu,
617 2456 849 2545 moribusque
865 2455 941 2546 quis
956 2453 1177 2547 profecerit,
1203 2475 1268 2527 ve·

201 2555 276 2634 niat
301 2553 469 2629 etiamad
495 2554 663 2624 naturalis
690 2555 933 2649 intelligentiae
953 2551 1190 2646 disciplinam,
1219 2566 1270 2626 at·

203 2667 273 2742 qne
285 2654 332 2724 ibi
345 2671 464 2723 rerum
475 2650 593 2724 euersas
608 2667 823 2748 naturasque
836 2652 1065 2749 distinguens,
1082 2650 1268 2748 agnoscat,

101 2791 104 2796 ·
204 2755 400 2824 vanitatem
415 2752 711 2844 relinquendam,
738 2756 781 2825 ad
800 2767 933 2826 aterna
954 2752 1120 2825 autem&
1142 2772 1269 2847 perpe.

204 2866 265 2926 tua
286 2851 573 2942 properandum:
601 2851 739 2928 &ideo
760 2851 841 2945 post
865 2851 1063 2926 Proverbia
1082 2853 1124 2924 ad
1142 2850 1270 2925 Eccle-

202 2943 325 3028 fiali'en
336 2952 502 3042 venitur,
519 2951 577 3042 qui
590 2952 720 3042 docet,
742 2965 783 3023 ut
794 2952 966 3044 diximus,
988 2952 1136 3026 visibilia
1149 2951 1271 3027 omnia

204 3053 238 3122 dr
261 3068 441 3142 corporea
461 3050 595 3125 caduca
616 3049 686 3124 elle
707 3051 741 3125 dt
763 3050 923 3148 fragilia,
951 3074 1027 3144 quae
1045 3053 1170 3142 utique
1188 3071 1272 3126 cum

203 3151 254 3222 ita
279 3148 347 3220 elle
371 3149 650 3242 deprehenderit
670 3153 720 3242 is,
747 3153 806 3242 qui
833 3150 1015 3244 sapientie,
1034 3149 1172 3242 studet,
1199 3150 1273 3224 sane

204 3250 315 3321 dubio
341 3263 553 3322 contemnet
581 3272 641 3339 ea,
668 3273 710 3321 ac
734 3249 925 3346 despiciet,
953 3249 1203 3342 &univers0,
1229 3263 1272 3324 ut

202 3351 253 3422 ita
269 3348 402 3425 dicam,
429 3348 557 3419 laculo
574 3352 809 3441 renuncians,
835 3349 962 3424 tendet
976 3350 1019 3421 ad
1035 3349 1274 3426 invisibilia&

205 3464 360 3537 aeterna,
396 3466 473 3536 qua
497 3446 709 3539 spiritalibus
733 3448 875 3537 quidem
897 3449 1078 3539 sensibus,
1105 3448 1164 3522 sed
1188 3451 1274 3523 ado·

206 3548 317 3638 pertis
335 3557 496 3620 amorum
516 3549 725 3638 quibusdam
743 3547 862 3643 liguris
875 3550 1054 3621 docentur
1067 3553 1102 3620 in
1118 3548 1276 3621 Cantico

206 3645 451 3723 Cantieorum.
505 3646 593 3719 Ideo
610 3648 704 3720 enim
723 3648 946 3723 novissimum
960 3651 1081 3721 locum
1101 3662 1204 3721 tenet
1215 3647 1277 3726 hic

205 3747 319 3834 liber,
345 3763 386 3817 ut
401 3761 490 3820 tune
505 3747 643 3819 adeum
661 3749 851 3838 veniatur,
880 3769 960 3820 cum
975 3749 1180 3821 &moribus
1195 3749 1274 3842 quir

205 3843 317 3922 suerit
341 3846 552 3932 defecatus,
586 3844 619 3916 δι
642 3865 761 3919 rerum
785 3847 1072 3941 corruptibilium
1091 3861 1200 3938 atque
1223 3849 1277 3922 in·

210 3946 500 4038 corruptibilium
527 3943 707 4019 scientiam
734 3945 1066 4037 distinilionemque
1087 3946 1277 4041 didicerit,

206 4057 272 4144 per
295 4065 372 4138 quae
390 4047 425 4118 in
445 4045 546 4116 nullo
564 4045 668 4140 poffit
690 4047 802 4118 erbis
824 4039 969 4142 figuris,
997 4046 1124 4139 quibus
1140 4045 1277 4143 sponse

208 4145 252 4221 ad
274 4142 437 4242 sponium
458 4144 660 4227 celestem,
687 4144 814 4237 idest,
842 4145 966 4218 animae
987 4143 1154 4239 perfesiae
1174 4165 1276 4220 amor

209 4243 255 4323 ud
282 4246 435 4324 verbum
458 4241 531 4322 Dei
551 4235 759 4325 describitur
782 4263 824 4322 ac
847 4245 1045 4344 formatur,
1072 4243 1275 4326 offendere.

136 4355 201 4423 ι
1073 4341 1228 4428 Premis·
