2734 4859
223 471 229 486 s
643 457 647 464 .

489 643 835 730 LIBER‘II.
1009 689 1062 740 ,·
1122 661 1192 752 183
1270 747 1276 774 .

123 811 356 894 immundum.
405 813 504 890 Vide
521 825 665 907 autem,
691 812 717 889 fi
734 813 833 890 forte
849 809 961 892 filium
974 811 1047 891 Dei
1059 815 1097 904 io
1111 835 1191 890 car-·

123 933 169 991 rte
184 929 327 1012 guttam
345 911 497 1007 dictum,
531 916 565 988 u
582 914 676 1007 quast
693 916 807 990 breve
823 915 955 1008 aliquid
970 914 1003 988 da
1018 914 1187 1012 exiguum

123 1015 354 1090 nominatum
367 1010 549 1108 possumus
568 1017 751 1108 accipere,
777 1015 866 1090 licut
885 1017 919 1088 dc
939 1014 1068 1089 Daniel
1080 1016 1125 1089 do
1137 1037 1187 1090 eo
1257 1107 1259 1112 Ι

124 1114 228 1188 sicit:
253 1111 429 1208 Lapidem
450 1133 601 1206 parvum
619 1114 664 1187 de
677 1127 804 1188 monte
818 1115 972 1189 excisum
986 1115 1059 1189 fine
1074 1116 1188 1190 munl-

124 1217 209 1307 bus,
244 1212 281 1286 d
299 1209 430 1288 fanum
451 1211 624 1308 posthac
647 1227 809 1288 montem
829 1235 1005 1312 magnum.
1055 1213 1128 1288 Vel
1144 1207 1187 1291 sl'·
1227 1276 1234 1288 .

124 1327 185 1386 cut
196 1315 236 1386 in
247 1313 375 1386 libello
388 1311 577 1386 duodecim
591 1315 847 1408 prophetarum
858 1315 1088 1388 nibilominus
1101 1329 1185 1410 gut·

121 1411 326 1505 tequidem
348 1409 468 1485 futura
495 1411 644 1506 dicitur,
679 1434 756 1504 que
772 1425 971 1510 congreget
993 1414 1182 1507 populum.

120 1507 183 1586 13st
208 1531 302 1608 ergo
322 1512 363 1584 in
384 1512 573 1606 prophetia
599 1513 650 1585 ita
672 1510 858 1606 scriptum:
887 1514 934 1585 Et
958 1521 1073 1585 eritex
1085 1528 1183 1606 gurra

119 1611 227 1710 prpuli
248 1613 349 1710 hujus
370 1628 568 1705 congregatus
595 1615 829 1706 congregabitur
854 1611 963 1709 Jacob.
1014 1611 1209 1686 Docebat¹

121 1711 212 1786 euim
224 1731 333 1803 eum,
359 1711 420 1802 qui
433 1712 602 1785 veniebat
613 1729 917 1808 congregarenon
928 1709 1181 1806 solumJacob,
1276 1722 1282 1752 ¹

120 1807 178 1884 sed
198 1811 237 1884 u
252 1829 379 1885 ornnes
392 1824 540 1908 gentes,
566 1831 663 1902 quae,
689 1811 778 1884 ficut
797 1812 976 1906 propheta
992 1810 1099 1902 dicit,
1124 1831 1183 1884 re·

119 1921 256 2004 putate
277 1906 361 1984 sunt
380 1923 548 2003 unquam
620 1922 674 1982 tta
695 1931 740 1982 ex
761 1910 881 2003 situla,
914 1909 1180 1985 exinanientem

117 2009 153 2083 se
169 2007 374 2084 diviniutb
389 2007 519 2092 fortun,
603 2010 636 2080 ci
652 2005 765 2101 ipsum
782 2022 825 2080 ut
833 2023 985 2105 guttam,
1010 2007 1104 2082 &sic
1116 2029 1183 2080 ve·

119 2109 195 2182 nire
211 2106 260 2182 ad
274 2107 559 2206 congregandam
574 2119 712 2205 guttam
729 2109 902 2206 gentium,
928 2108 964 2182 dc
980 2121 1117 2205 guttam
1127 2108 1183 2181 ni-

118 2207 315 2282 hilominus
336 2208 565 2300 reliquiarum
588 2208 716 2303 Jacob.
767 2206 837 2280 Sed
864 2205 948 2284 &in
963 2205 1181 2303 quadragesi·

117 2326 179 2382 ruo
195 2321 331 2400 quarto
349 2304 481 2400 psalmo
497 2307 627 2380 dicitur
643 2307 686 2380 ad
702 2305 885 2396 dilecium,
911 2307 968 2380 cui
984 2307 1090 2380 etiam
1103 2303 1179 2398 ipse

117 2405 272 2501 psalmus¹
295 2404 522 2480 adscribitur:
549 2406 695 2500 Myrrha
720 2407 760 2483 U
778 2421 872 2500 gutta
896 2406 936 2483 Θ
956 2407 1032 2503 rofio
1051 2405 1179 2503 avalla·-
1241 2404 1243 2408 ’

118 2511 238 2577 mentis
262 2509 343 2585 tuis.
392 2501 428 2575 A
444 2505 665 2580 vestimentis
683 2525 774 2601 ergo
792 2504 895 2579 verbi
914 2505 1006 2596 Dei,
1032 2504 1179 2598 quaeest

116 2603 282 2678 dostrina
300 2602 501 2698 sapientiae,
517 2675 521 2682 ,
535 2607 702 2698 procedit
715 2606 880 2697 myrrha,
906 2607 1033 2679 mortis
1054 2605 1180 2677 indici·

115 2723 176 2778 um
198 2704 375 2778 duntaxat
398 2723 467 2795 pro
487 2707 644 2779 humano
665 2725 796 2801 genere
812 2703 987 2797 suscepte.
1037 2703 1177 2796 Gutta,

115 2820 157 2876 ut
177 2801 477 2896 supradiximus,
503 2806 681 2878 exinanita
701 2804 897 2876 divinitatis
913 2803 1043 2895 forma,
1069 2803 1179 2875 servi·

115 2904 157 2976 lis
184 2903 315 2976 formae
337 2901 496 2997 suscepta
517 2904 688 2999 dignatiot
741 2902 837 2975 Casta
855 2922 1023 2995 quoque,
1049 2903 1178 2991 quoni·

116 3021 172 3076 am
185 3003 223 3075 id
235 3021 348 3096 genus
366 3002 486 3074 herbae
502 3005 598 3093 aquis
616 3002 891 3075 indesinentibus
907 3001 1035 3075 nutriri
1045 3001 1177 3072 dicitur

116 3100 375 3192 &coalescere,
401 3100 684 3193 redemptionem
696 3102 836 3174 humani
848 3102 984 3196 generis
994 3119 1175 3194 peraquas

114 3200 285 3294 baptismi
303 3199 438 3272 indicat
462 3200 589 3276 datam.
639 3199 698 3273 Sic
722 3220 810 3296 ergo
831 3202 1049 3294 alligaturam
1064 3211 1176 3294 guttae
1210 3203 1213 3210 '

114 3295 315 3372 fraternum
339 3297 435 3372 suum
454 3297 579 3392 sponsa
598 3312 765 3391 tanquam
781 3300 930 3391 nuptiali
946 3299 1103 3371 dramate
1120 3298 1176 3370 lo·

117 3418 232 3489 quens
255 3397 352 3469 inter
372 3397 526 3472 medium
546 3400 697 3470 uberum
718 3397 862 3471 suorum
888 3409 1176 3471 commorantem

115 3496 223 3570 dicit:
251 3495 376 3589 ubera,
401 3508 443 3567 ut
453 3493 608 3589 lupetius
614 3499 686 3588 jam
698 3497 862 3589 diximus,
887 3498 1082 3589 principale
1095 3516 1177 3570 cor-

116 3597 169 3670 dis
183 3597 357 3687 adverte,
379 3595 501 3686 inquo
518 3587 868 3696 ecclesiaChristum,
895 3598 955 3668 vel
968 3598 1081 3668 anima
1093 3616 1178 3665 ver·

114 3697 199 3770 bum
217 3695 289 3768 Dei
307 3693 465 3767 desiderii
477 3693 526 3766 sui
544 3696 697 3768 vinculis
714 3696 891 3788 alligatum
911 3695 1060 3767 tenet&
1081 3693 1176 3765 astri·

115 3793 221 3869 ἃιιιιι.
272 3791 308 3866 si
328 3795 404 3884 quis
423 3796 516 3867 enim
535 3795 687 3869 verbum
708 3792 776 3865 Dei
794 3810 877 3864 toto
896 3793 1024 3865 affeclu
1038 3794 1072 3863 in
1093 3811 1175 3864 cor·

115 3893 159 3968 de
177 3891 266 3975 suo,
286 3892 326 3972 ,ἀ
343 3904 427 3964 toto
446 3913 567 3966 amore
586 3893 811 3988 constringit,
838 3890 910 3983 ipse
926 3892 1020 3964 sulus
1035 3893 1175 3986 poterit

114 3992 269 4068 odorem
284 3990 485 4086 fragrantia
501 3991 625 4084 eius&
646 3990 829 4065 suavitatis
846 3992 1019 4084 accipere.

190 4095 314 4164 Barrus
337 4095 425 4187 cypri
435 4091 610 4183 fraternus
630 4115 718 4163 meus
737 4093 818 4161 mihi
836 4096 874 4160 iu
890 4099 996 4160 vineis
1020 4089 1174 4183 Engaddi.

115 4191 300 4290 Quantum
321 4190 366 4262 ad
388 4191 499 4263 litera
519 4190 624 4283 ipsius
643 4191 955 4283 explanationem,
985 4188 1095 4262 habet
1117 4189 1175 4256 ali--

120 4297 198 4384 quid
209 4293 441 4390 ambiguum,
468 4291 644 4466 quoda&
669 4291 1064 4392 Battuscppristutxuciu
1080 4287 1182 4358 mliii:

654 4415 681 4482 4
1061 4411 1152 4488 cpite
