2734 4859
301 527 995 666 '···¹..'uou1o·1av1.·
1133 613 1205 692 uo

103 728 105 741 ’
142 747 422 836 malian,
456 771 547 846 quem
559 752 695 835 mitram
727 747 990 836 habebatenim
1009 749 1048 828 in
1067 741 1208 832 conici.

99 895 122 945 ,·
143 841 548 940 uida-interiedtionem
565 845 748 944 AEgyptii:
781 848 879 924 forte
900 867 1019 928 autem
1033 855 1203 932 uthomo

141 935 297 1052 fiebat,
322 949 357 1024 se
376 948 410 1023 dt
430 948 587 1040 quaedam
608 949 675 1022 alia
691 950 823 1023 habero
843 966 1011 1045 peccata,
1028 967 1204 1049 'propter-

139 1071 182 1130 ει
193 1047 349 1130 recusat.
399 1046 467 1122 lste
481 1063 600 1122 autem
615 1068 692 1120 non
711 1050 803 1140 quali
818 1065 944 1124 natura
957 1049 1069 1143 justus
1083 1053 1205 1151 postu·
1293 1105 1295 1110 -

140 1147 464 1241 latministerium,
495 1146 554 1222 sed
580 1149 673 1240 quasi
699 1149 845 1245 gratiam
865 1150 1092 1250 consecutur.
1142 1156 1203 1232 Sie'

90 1329 93 1338 ,
143 1247 362 1346 &Moysen
394 1247 584 1323 sisimilem
604 1247 751 1345 gratiam
770 1248 1007 1346 percepillet‚
1040 1253 1204 1350 audillet·
1233 1292 1236 1297 ·

90 1351 93 1386 ²
142 1349 232 1444 qtae:
265 1348 467 1447 &taobflrii
480 1354 669 1446 iniquitates
684 1363 779 1438 taos,
805 1349 839 1422 dt
862 1349 953 1424 hoc:
982 1355 1202 1428 circummun-

140 1453 219 1524 davi
234 1465 361 1548 parom
383 1466 461 1535 rua,
475 1468 676 1539 numquam
692 1447 790 1522 forte
807 1447 963 1523 dixisset:
991 1453 1127 1526 Provide
1137 1457 1202 1528 nil·

142 1573 238 1636 m·
273 1574 342 1623 m
363 1553 487 1624 mitras.
538 1546 660 1621 Habet
684 1568 772 1645 ergo
803 1550 933 1643 aliquid
958 1553 1129 1646 rationis,
1166 1554 1202 1630 dt

140 1573 779 1745 Moysisrecusans,&lsaiasdicens:
809 1649 1200 1745 Ecoeegolummitteme.
1266 1687 1269 1702 ·

213 1771 250 1844 3.
274 1750 346 1826 Sed
372 1749 556 1822 videamus
579 1768 621 1820 ea
641 1748 769 1840 etiam,
803 1768 880 1839 quoe
895 1752 1058 1844 precipit
1071 1746 1202 1831 Do'mi·

142 1849 236 1954 niu²
259 1864 304 1925 ut
319 1850 459 1944 populo
468 1849 623 1921 diceret:
654 1850 760 1935 Vade,
786 1846 1016 1945 &tumulae
1047 1857 1201 1927 Aureae·

139 1953 258 2037 dietis,
292 1948 332 2028 (7
351 1973 419 2022 non
436 1943 636 2040 intelligetis,
669 1946 709 2023 (Ἰ
725 1950 869 2021 videntes
885 1955 1041 2045 terrulis,
1078 1952 1118 2030 U
1132 1978 1202 2028 non
1247 1962 1262 1996 ¹

140 2049 307 2132 uideiirir.
359 2046 566 2142 Introffarum
589 2047 629 2144 esi
644 2054 730 2120 enim
745 2072 795 2164 cog
810 2052 919 2147 popuii
936 2051 1054 2150 liujus,
1080 2052 1121 2130 (Τ
1140 2078 1201 2126 an-

123 2151 590 2246 ·riiurgroviteraudierunr,
615 2145 654 2224 (l
669 2150 983 2236 nubulariam,
1012 2175 1054 2224 ne
1095 2157 1200 2228 um

139 2254 277 2323 uideant
294 2253 409 2328 mulis,
438 2247 478 2325 (Ἰ
491 2249 622 2319 auribus
645 2250 801 2328 audiant,
833 2249 873 2326 ὅ
892 2253 979 2323 corde
1002 2180 1202 2347 intediganr,

139 2348 450 2444 donaveram,
478 2347 518 2425 (ὅ
530 2350 652 2439 solum
669 2376 733 2422 eor:
759 2349 919 2424 bifariam
936 2351 1046 2425 sciens
1067 2351 1201 2431 sermo·

137 2453 189 2524 nia
206 2449 449 2529 auditionem,
473 2448 507 2520 a
530 2449 707 2540 duplicem
722 2449 872 2523 noscens
887 2453 1199 2550 constitutionem,

137 2550 211 2625 hoc
232 2548 309 2642 est,
336 2550 429 2623 aliud
449 2569 574 2621 eorum
596 2551 811 2642 corporale,
838 2551 930 2622 aliud
945 2549 1111 2644 spiritale,
1138 2570 1201 2629 aut

138 2653 179 2723 ad
208 2653 387 2743 populum
415 2645 661 2742 proplietisans
689 2650 733 2721 de
765 2650 837 2741 his,
879 2671 955 2740 quae
974 2653 1016 2726 in
1039 2654 1200 2730 adventu

137 2746 266 2823 coristi
282 2749 401 2832 futura
421 2762 541 2830 erant,
575 2749 656 2838 quia
678 2747 765 2822 effet
783 2764 945 2842 tempus,
972 2753 1115 2843 quando
1139 2776 1201 2827 au·

137 2851 279 2941 ditent,
308 2849 342 2920 dt
357 2869 433 2921 non
451 2848 693 2941 intelligerent
709 2869 762 2923 ea.
812 2848 1021 2938 Siquidem,
1048 2872 1127 2924 cum
1141 2873 1201 2924 au·

135 2950 257 3023 ditent
277 2949 473 3022 Dominum
494 2968 611 3021 meum
626 2945 744 3043 Jeium
753 2945 942 3028 Christum.
971 2971 1102 3023 vocem
1122 2968 1200 3026 tan-

133 3061 210 3123 tum
237 3046 411 3121 ditiorum
432 3045 599 3135 audiere,
635 3067 712 3120 non
733 3047 877 3121 sensum
927 3042 977 3119 Et
993 3051 1126 3130 hocex
1149 3071 1197 3126 eo

131 3146 356 3240 manifestum
377 3146 447 3234 est,
486 3147 567 3236 quia
584 3144 673 3218 foris
699 3148 742 3220 ad
768 3147 941 3240 populum
965 3150 1001 3220 in
1016 3152 1198 3243 parabolis

131 3248 371 3339 loquebatur:
398 3245 574 3338 discipulis
593 3261 712 3319 autom
728 3245 869 3320 secreto
890 3245 1105 3323 dillolvebat
1125 3272 1198 3328 era.

131 3345 336 3443 Prophetat
353 3359 495 3434 autem,
522 3345 619 3436 quod
636 3349 779 3420 evenit:
806 3351 1053 3435 Aureauliuis,
1079 3347 1207 3425 (unm

131 3450 330 3538 intelligeris.
381 3445 498 3520 Porro
521 3446 620 3536 quod
644 3444 689 3519 de
710 3447 870 3519 adventu
887 3445 1036 3521 Domini
1061 3450 1136 3524 hoc
1152 3449 1197 3526 sit

132 3548 287 3641 populo·
299 3546 578 3642 prophetatum,
605 3544 679 3639 ipse
700 3543 868 3619 Salvator
890 3547 996 3621 dicit:
1021 3552 1109 3622 Bene
1123 3571 1198 3649 pro·

129 3650 287 3745 phetavit
301 3647 443 3717 devehis
466 3644 563 3732 Isoios
579 3650 752 3742 inquiens:
785 3649 1043 3741 Amenanus,
1068 3647 1109 3727 (5
1129 3676 1198 3726 nm

131 3748 329 3840 intellegetis.
379 3743 628 3818 concedamus
648 3765 750 3840 erg0‚
778 3746 857 3836 quia
872 3742 1054 3822 sermones
1070 3749 1199 3826 Domi-

132 3848 337 3940 nipopulua
352 3843 905 3938 auscultanononpoteritnolle,
933 3847 1107 3937 quadrua
1119 3851 1198 3928 lint.

109 3946 330 4032 ¹Videamus
356 3960 497 4036 autem,
533 3944 616 4034 quid
633 3944 675 4017 sit
693 3945 788 4038 hoc,
822 3947 921 4036 quod
939 3944 1116 4039 sequitur:
1150 3952 1199 4024 Er

128 4049 281 4120 uidentes
296 4046 463 4130 videbitis,
490 4040 531 4118 θ’
549 4067 614 4116 uon
625 4046 746 4134 scieris.
796 4044 926 4121 Nonst
946 4049 1023 4140 quis'
1037 4048 1215 4144 vidit'ea„

129 4166 211 4238 qua
231 4144 401 4219 Salvator
423 4143 599 4235 faciebat,
637 4142 752 4217 statim
777 4145 904 4219 videno
930 4148 1052 4239 potuit
1064 4148 1202 4243 intelli

131 4247 234 4345 gere,
260 4242 517 4323 corfauaunt.
569 4243 698 4337 Veluti
723 4239 952 4341 (exemplum
967 4243 1199 4351 affirmamur)

1062 4348 1169 4425 lauit
