2734 4859
407 584 785 674 monstrn-
824 586 880 668 ΙῙ,
988 631 991 636 -
1097 613 1176 691 ,299

110 751 232 826 mne
257 749 319 823 mel
332 751 407 844 fib':
440 749 647 843 Moriens,
680 750 779 843 quod
790 749 918 844 jussum
939 747 1020 844 est,
1035 753 1178 847 potitur

112 849 294 945 sermone,
322 852 382 944 qui
400 848 570 944 sequitur,
597 852 778 950 Boumejl
787 864 883 929 mim.
935 853 1177 952 Quisbonum

113 952 168 1029 est
193 953 268 1026 hoc
289 953 384 1044 mel,
418 952 517 1043 quod
545 952 581 1024 in
610 951 789 1048 scripturis
820 954 1014 1028 invenitur.
1066 955 1181 1051 Quod

113 1052 399 1128 autemdicitur:
430 1055 667 1148 lbdeadapsm,
694 1051 889 1126 istiusmodi
901 1051 962 1128 est.
1013 1050 1076 1127 Est
1087 1076 1180 1145 quae-

116 1155 221 1252 dom,
246 1167 288 1225 ut
304 1154 354 1226 ita
371 1152 507 1246 dicam,
534 1155 606 1244 apis
629 1151 731 1245 super
746 1176 847 1247 apes:
874 1152 1112 1246 &quomodo
1126 1155 1179 1226 in·
1216 1209 1222 1221 ,

110 1267 172 1330 ter
193 1274 277 1354 apes
293 1274 358 1325 rex
375 1251 602 1344 quidam'est,
637 1254 696 1345 qui
712 1256 917 1326 nominatur
934 1251 1002 1327 effe
1022 1273 1104 1345 rex,
1131 1254 1179 1327 sic

108 1355 283 1454 princeps
298 1374 403 1446 apum
422 1352 602 1426 Dominus
624 1351 674 1428 est
692 1352 789 1448 Jesus
805 1351 984 1448 Christus,
1011 1354 1055 1426 ad
1073 1375 1179 1445 quem

112 1453 229 1531 mittit
246 1475 303 1550 me
317 1452 469 1545 Spiritus
489 1450 639 1545 sancius,
664 1470 706 1526 ut
724 1454 910 1528 comedam
929 1454 1014 1546 mel,
1040 1456 1179 1529 bonum

113 1549 170 1628 est
190 1552 306 1646 enim,
333 1551 487 1632 &favus
510 1550 610 1644 ejus,
636 1570 678 1625 ut
692 1553 921 1628 indulcentur
941 1553 1062 1626 fauces
1079 1576 1179 1628 meae.

111 1649 167 1727 Et
182 1651 282 1727 sorte
299 1650 501 1727 subtiliores
521 1653 649 1725 litterae
666 1651 741 1728 favi
760 1668 887 1744 erunt,
912 1655 983 1728 mel
999 1673 1091 1726 vero
1114 1651 1179 1743 est,

114 1752 178 1846 qui
198 1752 303 1834 inhis
320 1751 392 1844 est,
417 1751 628 1828 intelledlus.
677 1753 745 1828 lste
767 1774 904 1845 porr0,
930 1754 990 1844 qui
1008 1749 1060 1825 est
1074 1768 1179 1826 natus

113 1873 162 1927 ex
179 1854 320 1951 virgine
338 1851 558 1939 Emmanuel,
586 1856 755 1945 butyrum
773 1853 807 1925 dt
827 1854 897 1927 mel
914 1850 1118 1936 manducat,
1146 1852 1181 1925 dt
1222 1867 1224 1872 ’

112 1955 261 2046 quaerit,
287 1953 331 2026 ab
348 1973 573 2044 unoquoque
590 1951 750 2028 nostrum
766 1951 937 2045 butyrum
953 1950 1180 2028 manducare.

114 2052 322 2149 Quomodo
343 2074 363 2126 a
381 2052 523 2150 singulis
540 2049 701 2127 nostrum
719 2053 892 2146 butyrum
909 2054 1036 2145 querit
1049 2051 1082 2124 dt
1097 2053 1182 2143 mel,

110 2150 233 2230 serino
253 2152 436 2227 edocebit.
487 2150 611 2244 Opera
622 2150 744 2228 nostra
760 2152 890 2246 dulcia,
916 2147 1097 2228 sermones
1116 2172 1183 2225 no·

113 2250 175 2326 stri
202 2245 387 2328 suavisnmi
411 2251 445 2324 dt
471 2253 599 2343 utiles,
631 2253 737 2326 mella
762 2251 861 2346 sunt,
896 2273 974 2343 quae
991 2255 1183 2326 manducat

114 2350 351 2435 Emmanuel,
378 2373 455 2444 quae
469 2353 661 2426 manducat
679 2348 758 2444 iste,
786 2353 845 2444 qui
862 2366 967 2426 natus
984 2350 1034 2425 est
1052 2351 1096 2425 de
1112 2352 1184 2428 vir·

112 2454 206 2549 gine.
258 2452 295 2525 Si
313 2473 407 2525 vero
418 2449 596 2526 sermones
611 2449 722 2525 nostri
733 2452 966 2526 amaritudine
978 2454 1074 2545 pleni
1088 2451 1182 2543 sunt,

114 2553 192 2644 ira,
221 2551 459 2642 animositate,
485 2550 661 2643 molestia,
690 2552 928 2644 turpiloquio,
956 2552 1069 2643 vitiis,
1096 2572 1183 2624 con·

114 2654 310 2743 tentione,
339 2652 437 2723 dedit
459 2652 495 2723 in
519 2672 561 2723 os
584 2671 701 2726 meum
717 2651 789 2743 fel,
816 2652 945 2725 &non
963 2652 1123 2725 comedit
1140 2652 1183 2723 ab

115 2752 170 2826 his
185 2749 406 2825 sermonibus
425 2748 593 2825 salvator.
643 2749 823 2825 Comedet
839 2767 956 2825 autem
972 2748 1129 2823 salvator
1140 2753 1185 2822 de

115 2849 359 2932 sermonibus,
386 2852 444 2942 qui
462 2847 541 2923 sunt
557 2851 651 2943 apud
668 2852 845 2932 homines,
870 2849 1042 2924 fisuerint
1054 2847 1187 2924 senno-

115 2972 325 3025 noseorum
340 2952 420 3024 mel.
456 2948 714 3043 Approbemus
732 2949 805 3024 hoc
819 2951 865 3024 de
885 2948 1078 3043 scripturis.
1109 2951 1187 3021 Ecce
1232 2969 1234 2978 ·

111 3051 161 3150 fio
179 3054 221 3123 od
232 3054 357 3149 ossium,
383 3050 421 3126 6
429 3051 529 3147 pulso.
579 3053 619 3121 Si
634 3055 704 3145 quis
715 3056 876 3146 operuerit
891 3052 972 3120 mihi
987 3052 1106 3148 alitum,
1135 3055 1187 3122 sn·

113 3155 245 3247 grediur
267 3153 406 3236 adeum,
440 3149 479 3227 (Ἰ
497 3149 616 3220 cenabo
632 3174 701 3219 cum
718 3152 788 3235 iso,
822 3149 860 3228 (5
876 3152 930 3221 ise
945 3176 1068 3223 mecum.
1119 3148 1187 3245 lgi-

113 3266 179 3325 tur
204 3247 277 3345 ipse
301 3251 527 3345 pollicetur,¹
555 3251 588 3324 se
610 3271 654 3322 ex
681 3249 811 3324 nostris
829 3266 1050 3326 coenaturum
1065 3235 1187 3323 nobis·

118 3373 202 3425 cum
224 3348 304 3428 elle.
358 3349 506 3423 Certum
526 3347 577 3422 est
603 3366 745 3427 autem,
776 3352 856 3442 quia
881 3351 998 3424 &nos
1019 3372 1099 3422 cum
1121 3350 1186 3422 illo

121 3471 324 3537 coenamus,
349 3447 572 3524 licrenemus
594 3449 704 3523 illurn.
759 3448 963 3524 Comedens
984 3452 1117 3545 quippe
1141 3451 1186 3523 de

120 3549 252 3626 nostris
273 3552 380 3625 bonis
401 3549 637 3640 sermonibus,
664 3549 835 3641 operibus
857 3552 889 3623 dt
910 3549 1107 3638 intelledlu,
1132 3570 1189 3623 re·

121 3648 236 3746 pascit
252 3673 321 3725 nos
343 3648 412 3726 suis
426 3647 518 3724 escis
538 3647 765 3742 spiritalibus,
793 3650 989 3742 &divinis
1016 3649 1187 3722 &melio-

120 3752 234 3828 ribus.
283 3751 482 3850 Propterea
508 3751 590 3842 quia
616 3751 759 3826 beatum
781 3749 855 3842 est,
889 3746 1062 3846 suscipere
1078 3746 1188 3822 salve-

121 3866 264 3946 torem,
298 3849 429 3946 apertis
454 3847 552 3940 ostiis
568 3848 772 3942 principalis
794 3849 914 3925 cordis
933 3849 1066 3934 nostri,
1102 3870 1189 3942 prae·

121 3972 288 4047 paremus
304 3954 335 4024 ei
352 3953 476 4044 mella,
503 3948 697 4022 &omnem
711 3943 844 4024 ct'enarn
855 3950 952 4042 ejus:
979 3964 1020 4023 ut
1035 3946 1106 4040 ipse
1117 3969 1187 4021 nos

123 4052 235 4126 ducat
262 4052 306 4124 ad
332 4072 492 4147 magnam
506 4069 654 4132 ,coenam
678 4052 788 4141 patris
811 4050 847 4126 in
863 4069 978 4147 regno
996 4052 1189 4140 caelorum,

124 4172 204 4241 quae
229 4150 279 4227 est
294 4153 330 4226 in
347 4146 606 4247 ChristoJesu,
633 4148 691 4222 cui
706 4146 757 4225 est
771 4149 886 4253 gloria
901 4151 935 4226 dt
950 4148 1136 4246 imperium
1150 4147 1190 4224 in

121 4248 249 4342 secula
266 4244 684 4360 saeculorQssmeo,
710 4307 726 4354 r,
746 4333 786 4352 ,¹¹
842 4305 858 4346 ·.
907 4321 946 4338 ‚
993 4289 1147 4429 mm
1182 4330 1184 4334 ,
