2734 4859
481 601 726 694 LIBER
775 603 851 682 111.
1125 631 1211 706 227·

131 783 287 860 eorum,
313 775 355 837 ut
374 777 499 841 euntes
518 781 621 856 eant,
653 764 689 838 δι
708 764 836 858 fleant,
863 778 1048 860 portantes
1064 765 1193 844 semina

133 863 209 956 sua,
237 863 273 936 ἅ
288 863 798 957 fintindoloribuahominum,
824 865 1095 962 acflngellentur
1108 889 1207 944 cum·

135 962 362 1042 hominibus,
394 984 439 1036 ne
459 960 557 1035 sorte
575 978 697 1036 teneat
718 985 781 1036 eos
803 961 971 1057 superbia.
1008 963 1078 1039 ¹Isti
1100 987 1187 1058 quo·

136 1083 207 1154 que
224 1061 289 1156 ipsa
305 1060 405 1134 cervi
425 1065 651 1154 abrumpunt,
677 1078 718 1135 ut
733 1064 793 1155 ait,
819 1081 923 1136 natos
938 1066 1046 1138 suos.¹
1082 1068 1188 1164 Quos

140 1163 232 1236 enim
256 1160 445 1256 genuerint
467 1182 530 1255 per
559 1159 811 1256 Evangelium‚
846 1165 1058 1258 abrumpunt
1079 1185 1143 1238 eos
1168 1187 1187 1237 a

136 1261 293 1334 vinculis
315 1273 564 1352 peccatorum,
599 1259 631 1331 δι
653 1283 671 1330 a
690 1261 821 1350 laqueis
842 1261 994 1354 diaboli,
1028 1266 1188 1336 neultra

133 1361 320 1433 voluntati
341 1373 465 1432 eorum
487 1371 673 1431 teneantur
692 1359 858 1434 obstricti.
910 1359 967 1434 liii
983 1364 1087 1434 etiam
1101 1363 1188 1434 mul-

134 1457 412 1552 tiplicabuntur,
448 1457 502 1548 δι,
538 1471 580 1528 ιιι
603 1458 671 1548 ait,
709 1477 784 1530 non
807 1477 1044 1532 revertentur.
1096 1459 1184 1534 Non

133 1558 230 1631 enim
259 1556 490 1634 imitabuntur
513 1576 661 1630 uxorem
686 1555 808 1648 Loth,
847 1579 920 1630 non
945 1559 1112 1630 redibunt
1132 1578 1187 1632 re·

134 1653 300 1732 trorsum.
350 1655 476 1730 Sciunt
489 1657 607 1741 euim,
640 1656 741 1744 quia,
776 1657 833 1749 qui
853 1658 963 1730 mittit
976 1677 1116 1730 manum
1134 1653 1185 1731 su-

134 1753 449 1841 amaricantium
473 1749 787 1846 fitetrospexerit,
813 1770 915 1846 aprus
936 1776 1011 1832 non
1028 1758 1096 1828 erit
1109 1777 1184 1851 reg·

133 1875 187 1930 no
209 1855 399 1928 eelomm:
431 1849 489 1926 sed
507 1850 662 1950 semper,
694 1873 769 1943 quae
791 1869 891 1926 retro
916 1851 1015 1946 sunt,
1043 1853 1186 1927 oblivis-

132 1969 286 2042 cuntur,
322 1951 357 2026 ἀ
378 1953 415 2024 in
437 1973 497 2043 ea,
533 1971 609 2043 quae
630 1965 713 2024 aute
733 1949 766 2024 se
787 1950 886 2042 sunt,
921 1951 955 2024 se
973 1955 1183 2028 extendunt.

131 2051 242 2126 Tales
266 2051 360 2124 enim
384 2069 514 2124 cervos
541 2070 618 2122 vox
640 2049 787 2125 Domini
805 2045 890 2123 facit
908 2048 977 2126 esse
993 2049 1183 2143 perfectos.

134 2153 227 2246 Quae
245 2171 321 2224 vox
341 2148 490 2239 domini,
516 2147 576 2224 nisr
593 2149 664 2239 illa,
691 2169 766 2240 quae
784 2149 820 2221 in
839 2151 916 2244 lege
934 2149 1016 2223 &in
1027 2149 1184 2244 prophe--

136 2253 183 2324 tis
198 2249 371 2340 habetur,
399 2245 432 2320 δι
447 2248 613 2340 pervenit
628 2243 793 2337 usquead
812 2250 1008 2343 Joannem‚
1035 2249 1091 2340 qui
1107 2267 1183 2321 erat

134 2369 212 2422 vox
233 2346 416 2428 clamantis
431 2345 466 2418 in
482 2343 648 2424 deserto?
675 2342 722 2417 Et
734 2344 804 2440 ipsa
818 2349 911 2421 enim
926 2369 1003 2419 vox
1017 2345 1182 2442 Joannis,

133 2449 193 2540 qui
212 2447 375 2520 dicebat:
411 2449 525 2517 Parate
539 2453 626 2516 oium
648 2451 797 2533 Domni,
833 2445 1045 2538 retiasjacne
1055 2445 1183 2534 sentitur

135 2550 203 2618 Der·
218 2545 335 2640 nostri,
367 2542 543 2638 perfectos
564 2543 717 2618 faciebat
735 2565 885 2634 cervos,
916 2562 956 2617 ut
974 2541 1082 2618 effent
1104 2566 1182 2638 per·

131 2643 215 2720 fecii
229 2645 266 2716 in
285 2643 412 2718 eodem
428 2641 538 2733 sensu,
565 2643 643 2716 &in
660 2644 781 2716 eadem
798 2643 950 2718 scientia.
1003 2645 1073 2743 Qui
1090 2647 1182 2726 enirn

133 2745 213 2818 talis
235 2741 307 2835 est,
339 2742 468 2817 merito
485 2741 588 2814 dicit:
615 2746 707 2812 Sicut
728 2768 837 2813 cervus
855 2743 998 2836 definierat
1017 2746 1057 2813 nd
1070 2745 1181 2834 fontes

131 2868 310 2942 aquarum,
339 2847 387 2912 ita
409 2843 553 2934 defidatur
572 2846 678 2912 anima
697 2866 762 2912 meu
783 2845 823 2913 ed
840 2859 869 2911 re
894 2847 989 2913 Deus.
1041 2841 1179 2913 Cervus

134 2962 281 3036 quoque
302 2941 529 3014 amicitiarum
545 2940 722 3031 quisalius
740 2939 919 3015 videbitur
937 2941 998 3014 nisr
1015 2941 1094 3032 ille,
1121 2942 1179 3030 qui

133 3040 287 3139 peremit
301 3039 496 3132 serpentem
511 3041 621 3130 iilum,
648 3041 706 3130 qui
718 3037 902 3113 seduxerat
916 3039 1040 3124 Evam,
1063 3041 1180 3112 &elo-

134 3143 205 3232 quii
233 3137 282 3213 sui
306 3138 447 3211 flatibus
474 3141 610 3230 peccati
639 3141 771 3212 ineam
799 3161 937 3213 venena
956 3137 1179 3226 diffundens,

135 3259 280 3326 ornnem
308 3235 520 3330 posteritatis
549 3237 706 3309 sobolem
727 3240 896 3333 contagio
918 3237 1179 3328 pravaricatio-

133 3341 188 3414 nis
202 3337 395 3412 iniecerat:
420 3337 453 3409 ἀ
474 3339 628 3408 venerat*
637 3333 777 3434 solvere
800 3337 997 3408 inimicitias
1017 3338 1052 3408 in
1075 3355 1179 3406 carne

133 3437 214 3530 sua,
251 3457 336 3528 quar
356 3437 446 3508 inter
463 3433 580 3506 Deum
603 3433 831 3508 &hominem
855 3435 983 3507 noxius
1003 3433 1178 3508 mediator

134 3533 332 3612 effecerat?
357 3533 474 3608 Pullus
497 3554 588 3606 vero
607 3533 794 3627 gratiarum
812 3533 930 3625 potest
947 3533 1057 3624 accipi
1076 3531 1178 3624 Spiri-

133 3650 189 3708 tus
208 3633 365 3724 fanone,
400 3656 419 3706 a
435 3655 507 3722 qno
526 3632 703 3722 sitientes,
741 3631 1019 3705 &desiderantes
1038 3631 1177 3721 Deum,

134 3734 455 3830 spiritaiesgratias,
482 3728 1051 3821 ndonacaetestiaconseqnunrur.
1093 3729 1179 3802 Haec

134 3850 255 3908 autem
271 3832 390 3904 omnia
407 3833 544 3903 anobis
561 3827 650 3902 dista
669 3826 768 3918 sunt,
787 3845 827 3900 ιιι
843 3827 1057 3904 manifestior
1078 3826 1180 3900 ficret

134 3929 250 4022 causa,
274 3950 342 4024 qua
360 3929 484 4024 sponsa
498 3949 704 4020 comparare
720 3929 860 4000 videtur
877 3929 1065 4004 fraternum
1084 3926 1179 3999 strum

132 4027 285 4106 hinnulo
303 4049 508 4102 cervorum.
557 4028 668 4124 Quod
684 4028 707 4100 si
721 4030 826 4101 etiam
844 4029 915 4100 hoc
932 4026 1179 4119 requirendum

131 4129 204 4220 est,
236 4148 301 4202 cur
324 4147 400 4202 noo
419 4148 552 4217 cervo,
578 4127 784 4216 urinalia,
811 4125 867 4200 sed
885 4127 1033 4200 hinnulo
1049 4146 1180 4198 cervo·

132 4249 211 4328 tum
230 4241 472 4324 comparatur,
498 4227 757 4398 illudadluerte,
786 4225 897 4323 quod,
923 4247 1003 4304 cum
1020 4223 1181 4398 inguina

684 4348 704 4398 2
1104 4342 1140 4398 ιι
