2734 4859
256 635 1080 742 innnovunnrasnoouonrs.
1170 665 1217 748 η

216 805 271 880 Et
284 803 423 896 semitas
443 808 542 876 navis
563 807 602 875 io
620 806 713 880 mari.
763 801 877 880 Forte
905 803 979 880 hoc
1001 810 1088 883 loco
1109 811 1218 884 navia

143 907 301 984 dicenda
319 903 375 980 est
389 901 511 1002 Jesus‚
536 903 745 997 &discipuli
765 905 859 996 ejus3
886 907 1103 1004 quandoque
1121 929 1216 986 vero

145 1011 252 1084 etim
273 1005 343 1102 ipii
365 1002 456 1080 soli:
485 1023 562 1080 non
584 1005 622 1077 in
641 1004 742 1080 mari.
772 1004 929 1080 Divina
951 1011 1045 1084 enim
1073 1011 1216 1088 virtute

149 1113 244 1180 mais
258 1105 380 1206 statim
398 1109 438 1176 in
460 1120 548 1177 tarra
561 1103 663 1198 fuit,
687 1105 727 1174 ad
746 1129 837 1198 quam
858 1108 956 1182 ibant.
1006 1110 1098 1205 Quae
1118 1130 1212 1184 vero

144 1209 248 1284 nevis
265 1203 478 1304 Jesumnon
490 1217 636 1300 portat,
663 1205 700 1278 in
710 1203 829 1278 medio
842 1209 930 1280 mari
947 1211 1120 1283 continue
1132 1231 1215 1284 ver·

142 1307 244 1401 sana,
269 1304 540 1380 adversantium
565 1301 747 1399 spirituum
770 1308 930 1399 procella
949 1307 1111 1400 jatiatur.
1163 1309 1214 1384 Et

144 1409 321 1502 quoniam
333 1406 444 1499 hujus
456 1403 571 1479 sncuii
586 1425 644 1478 reo
660 1403 800 1477 vanitas
815 1404 913 1500 sunt,
940 1427 982 1480 ac
997 1404 1133 1502 semper
1147 1407 1214 1482 flu·

146 1507 294 1600 auant,
328 1525 403 1580 nec
425 1503 608 1598 quisquam
632 1505 818 1580 hominum
840 1503 884 1578 ad
910 1506 1021 1581 vitam
1040 1509 1214 1596 provehit

147 1621 343 1702 aunam,
370 1603 451 1679 fieri
469 1625 547 1678 non
564 1602 704 1700 potest,
729 1617 772 1677 ut
790 1601 919 1679 senitae
938 1627 1064 1680 eorum
1083 1609 1215 1680 intelli·

150 1721 291 1806 gantur.
356 1703 573 1804 inclitorum
588 1705 709 1797 itaque
727 1724 851 1800 regum
873 1719 999 1796 terre,
1027 1705 1086 1779 seu
1106 1707 1214 1782 etiam

146 1807 354 1904 principum
379 1807 516 1878 nullutn
537 1825 557 1878 a
580 1803 651 1878 Dei
675 1803 812 1897 pietate
839 1806 990 1880 alienum
1017 1828 1108 1900 opus
1132 1805 1215 1899 post

145 1905 545 1998 nortemrelinquitur.
598 1901 764 1978 Extiniia
780 1905 874 1978 enim
886 1901 936 1978 est
948 1907 1061 2002 gloria
1074 1926 1213 1982 eorum.

144 2005 235 2082 Non
252 2003 531 2104 cognoscuntur
554 2025 673 2091 vero,
699 2004 839 2098 inquit,
865 2010 927 2076 via
945 2011 1015 2076 viri
1039 2011 1075 2073 in
1102 2006 1217 2092 adoles·

146 2113 273 2190 :mrim
297 2107 373 2178 viri
391 2107 554 2180 nimirum
568 2103 752 2178 libidinum
765 2102 905 2178 flamma
918 2103 1114 2198 estuantis,
1140 2125 1214 2199 prae

85 2241 91 2274 ι
151 2227 292 2284 morum
307 2209 441 2296 utique
455 2203 710 2292 instabilitate3
737 2203 942 2298 pariterque
962 2207 1106 2276 mulieris
1126 2207 1217 2274 aaut·

85 2321 92 2360 ¹
150 2325 242 2394 tere,
276 2327 355 2402 prae
376 2305 645 2378 inverecundia.
699 2303 773 2377 Vel
793 2305 940 2379 ecclesn
959 2307 1117 2404 gentium
1142 2303 1215 2397 est,

85 2441 98 2455 ·
150 2429 225 2500 qne
241 2405 352 2482 semel
377 2401 541 2496 baptismi
565 2403 775 2479 lustratione
799 2405 940 2485 abluta,
966 2407 1040 2499 ait,
1066 2405 1152 2478 nihil
1181 2405 1217 2478 se

85 2523 123 2604 ι,
152 2523 251 2602 turpe
273 2503 498 2579 commisrffe.
557 2503 817 2599 Justus.autem
844 2523 920 2578 non
939 2504 990 2578 est
1011 2507 1048 2577 in
1078 2501 1213 2577 adoles·

85 2615 126 2698 ’ξ
156 2609 287 2700 tentia,
317 2605 490 2696 siquidem
503 2607 539 2674 t'n
550 2605 640 2676 brevi
654 2605 900 2691 consummatus,
926 2607 1064 2696 explevit
1079 2621 1218 2694 tempora

84 2701 126 2774 ·‚'
155 2712 257 2778 nita
314 2703 505 2798 Ejtumodi
523 2704 575 2778 est
592 2704 709 2778 omnis
725 2704 852 2777 mulier
873 2705 1059 2793 adultera,
1086 2723 1163 2795 quae
1180 2700 1216 2776 se

158 2805 324 2900 rsponso
351 2804 545 2894 abjunxit,
581 2818 689 2891 atque
711 2805 853 2896 anima,
880 2826 957 2897 quae
977 2805 1059 2878 viro
1085 2799 1217 2876 reliito

96 2983 101 2994 ,
158 2911 305 2982 ambulat
323 2903 410 2998 post
428 2917 604 2976 amatores
622 2902 717 2976 suos.

84 2999 115 3066 *i
220 3011 465 3100 Egrediturque
484 3021 539 3096 ptr
556 3021 676 3073 turmas
706 3002 748 3073 ad
763 3007 902 3098 primam
921 3007 961 3101 ju
988 3029 1089 3076 eonem
1106 3023 1221 3100 compo·

84 3114 116 3156 ⁵-
161 3103 209 3200 }rt
238 3107 371 3180 Etiam
392 3101 530 3176 locusta
545 3101 731 3195 laudatur,
765 3102 863 3192 quod
882 3105 1109 3197 composita,
1130 3123 1219 3176 ver·

84 3211 116 3256 ·’²
168 3207 251 3298 bique
275 3205 357 3278 Dei
383 3201 524 3294 J'rrffioni
544 3217 678 3296 pareat.
740 3201 942 3277 Istiusmodi
967 3204 1017 3276 est
1048 3202 1219 3294 ecclesia,

84 3311 116 3356 ·'=
161 3325 349 3400 propterea
365 3301 464 3392 quod
482 3302 728 3375 contemnitur
744 3301 786 3374 ad
804 3303 1030 3394 hominibus,
1058 3301 1219 3394 loeustae,

83 3409 115 3452 ι·
160 3401 397 3499 quoaspeeot
410 3402 454 3472 ad
465 3416 608 3490 terram,
619 3399 721 3492 super
735 3415 1103 3498 terramcomparata;
1121 3400 1221 3492 quod

83 3510 111 3552 ²¹
159 3525 239 3578 vero
263 3525 354 3576 cum
374 3498 457 3596 Jesu
471 3515 731 3596 congregetur,
759 3500 880 3575 &non
895 3500 1136 3598 dispergatur,
1162 3499 1223 3574 sed

83 3613 111 3704 'p
157 3599 216 3678 Dei
237 3618 462 3678 armaturam
478 3601 632 3688 induat,
664 3614 707 3671 ut
730 3599 863 3672 resrstat
889 3602 1054 3677 adversus
1079 3601 1223 3675 astutias

83 3711 111 3756 ’ί
161 3703 322 3794 diaboli,
357 3700 403 3773 ad
431 3699 579 3791 primam
595 3698 781 3792 juffionem
808 3703 987 3795 egreditur
1017 3700 1223 3792 composrto

83 3808 107 3852 Β
162 3807 305 3900 agmine.
343 3798 438 3894 Regi
458 3799 550 3872 enim
565 3813 688 3892 paret,
712 3819 842 3893 nempe
857 3799 1055 3894 Pharaoni,
1082 3799 1140 3874 sed
1152 3796 1225 3872 Dei

83 3871 109 3956 3⁶
162 3901 307 3996 inperio
328 3895 488 3990 subjetia
511 3897 590 3991 est,
626 3899 730 3988 eique
759 3900 947 3972 traduntur
966 3900 1230 3996 AEgyptiorum

90 4031 103 4064 ³
163 4001 315 4077 labores.
367 3997 483 4072 Forte
502 4015 617 4089 vero,
644 3999 743 4087 quod
764 4012 845 4071 ante
864 3998 992 4073 Christi
1005 4021 1154 4096 regnum
1173 4017 1229 4069 re-

87 4109 105 4184 ἐ
166 4123 236 4196 gem
252 4121 334 4176 non
350 4098 566 4190 habuimus,
583 4094 723 4170 locusta
736 4117 856 4194 regem
873 4119 950 4172 non
969 4102 1089 4174 habet.
1138 4096 1230 4171 Non

82 4211 105 4252 ⁵·
168 4206 251 4276 enim
272 4201 406 4276 ducem
423 4197 586 4284 habent,
614 4198 912 4288 quemadmodum
932 4221 1041 4292 apes,
1068 4195 1126 4272 sed
1146 4217 1233 4271 una·

96 4341 104 4354 ·
170 4321 311 4397 quaque
324 4299 445 4396 praeit.
498 4295 547 4371 Hi
566 4293 666 4392 sunt,
694 4299 752 4389 qui
775 4299 964 4377 voiuntate
979 4323 999 4378 a
1015 4299 1172 4379 terrenis
1183 4299 1237 4380 ie

1092 4429 1192 4492 van·
