2734 4859
183 647 277 729 'EX
300 644 528 726 ORIGENE
551 641 606 723 IN
631 639 829 724 cartule:
856 643 1055 729 CANTlc.
1107 651 1178 743 265

127 814 259 908 quibus
281 826 408 886 ornata
430 822 644 884 contexatur
668 810 758 883 vita:
793 830 868 900 quae
889 807 924 882 ἀ
949 809 1110 887 recenset
1127 811 1179 885 di·¹

129 916 239 986 vinus
255 911 458 1005 apostolus,
484 910 669 1007 gaudium,
695 910 1177 1005 pacem„longanimitatem,
1246 927 1248 931 ’

130 1013 167 1086 &
185 1032 262 1104 quae
282 1009 361 1083 sunt
380 1008 566 1102 ejusmodi.
591 1085 596 1092 ,
615 1007 754 1081 Idcirco
776 1007 905 1101 probat
921 1006 1054 1102 sponsae
1066 1012 1179 1085 inve:

129 1111 214 1186 stito
229 1123 418 1200 ornatum,
443 1121 574 1201 utpote
589 1106 701 1180 thuris
719 1104 917 1204 fragrantia
930 1107 1090 1185 similem:
1115 1111 1180 1185 ait·

129 1232 223 1303 que,
253 1206 360 1299 Tibi,
393 1206 515 1302 sponsa
535 1207 663 1280 divinar
683 1205 833 1297 speciem
849 1207 1080 1281 beatitudinis
1097 1210 1181 1286 arni·

129 1309 207 1383 &us
231 1308 393 1401 profert,
427 1307 582 1399 puritate
598 1305 774 1379 &mentis
792 1305 1110 1397 imperturbatione
1126 1310 1180 1381 in·

129 1407 334 1482 acceffibilis
359 1419 492 1479 naturae
506 1404 762 1481 similitudinem
774 1403 943 1480 referens.
994 1404 1180 1499 Ejusmodi

127 1508 227 1582 enirn
244 1505 295 1580 est'
314 1505 606 1579 vestimentorum
628 1516 773 1577 tuorum
790 1502 910 1595 odor,
936 1517 977 1576 ut
995 1505 1037 1579 srt
1054 1506 1180 1581 firoilli·

127 1627 209 1681 mus
227 1607 343 1698 thuri,
369 1605 465 1696 quod
482 1604 611 1676 divinis
627 1601 800 1678 additium
814 1600 865 1675 est
879 1602 1088 1680 honoribus.

211 1709 334 1777 Hortus
351 1704 522 1793 conclusus,
548 1704 638 1793 soror
663 1727 739 1795 mea.
795 1697 929 1774 Iterato
956 1702 1083 1779 dietum
1109 1702 1184 1785 est,

130 1809 246 1877 honus
269 1803 441 1894 nimiosus,
488 1804 636 1876 alterum
669 1802 715 1875 de
749 1798 985 1894 proficiente,
1006 1825 1010 1836 ⁵
1031 1805 1182 1880 alterurn
1292 1886 1295 1891 ,

132 1906 180 1979 de
203 1911 274 1994 co,
306 1905 364 1996 qui
390 1900 566 1996 perfectus
589 1900 651 1991 ῆι,
686 1900 826 1992 quando
844 1919 942 1974 mens
962 1900 1037 1993 ejua
1059 1904 1180 1977 viden·
1241 1907 1244 1917 '

129 2005 204 2093 do,
238 2003 430 2098 theologia
456 1998 549 2093 stylo
571 1997 729 2091 impreiia
751 1996 821 2072 esta
860 1999 921 2072 vel
950 2001 1055 2074 etiam
1083 2023 1180 2076 nunc

132 2102 276 2194 quidem
296 2098 419 2194 sponsa
437 2099 661 2175 solummodo
682 2097 810 2171 hortus
835 2099 1021 2173 conclusus
1039 2100 1108 2189 est3
1143 2104 1181 2177 in

131 2201 259 2275 futuro
280 2215 396 2273 autem
417 2200 542 2272 saeculo
572 2200 620 2272 ob
643 2196 896 2292 perfectionem
921 2220 962 2271 ac
979 2196 1182 2276 firmitatem
1210 2208 1218 2238 ‘

133 2301 243 2374 ctiam
268 2300 350 2372 fons
379 2298 429 2371 est
448 2300 608 2394 signatus.
673 2302 768 2367 Omni
786 2302 869 2367 enim
887 2298 1015 2370 babenti
1035 2302 1181 2390 dabitur,

133 2400 376 2477 &abundabit
427 2397 535 2469 Nunc
562 2397 701 2487 quidem
721 2397 892 2489 scriptura
917 2399 1183 2493 hortumfimpli·

136 2503 228 2572 citer
247 2499 355 2587 dixit3
391 2498 460 2569 alio
473 2512 590 2568 autern
610 2489 721 2588 loce,
750 2497 851 2569 velut
866 2519 910 2569 ex
930 2499 994 2572 alia
1010 2499 1182 2597 persona,

134 2601 243 2673 etiarn
261 2601 375 2669 olerum
390 2598 527 2687 adjecit.

213 2701 343 2791 Exurge
362 2699 471 2793 aquilo.
522 2692 675 2766 Videtur
701 2692 824 2787 sponsa
841 2696 1024 2788 increpare
1049 2700 1184 2790 aquilo·

132 2820 238 2889 nem,
266 2798 310 2870 ab
338 2794 465 2889 sponso
485 2793 697 2887 potestatem
718 2794 835 2884 natta,
862 2796 920 2884 qui
942 2813 1054 2868 vento
1076 2800 1185 2891 impe·

133 2901 243 2972 ravit.
296 2896 477 2995 Quocirca
495 2910 564 2965 tros
583 2891 802 2988 evangelista
816 2893 1083 2985 imporaiioeunr
1098 2919 1186 2970 ven·

133 3013 178 3072 to
191 2995 365 3090 scripsere.
413 2996 524 3067 Venti
538 3007 652 3065 autem
668 2994 700 3063 ei
712 2995 859 3066 omnino
873 2993 1056 3067 obediunt.
1085 2994 1184 3068 Chri·

136 3100 210 3173 stus
225 3098 365 3188 itaque,
391 3091 537 3184 expulso
557 3091 724 3183 diabolo,
750 3093 786 3163 in
805 3094 983 3166 animabus
999 3095 1182 3172 inhabitat.

136 3198 197 3271 De
212 3217 285 3288 quo
297 3193 389 3266 iliud
406 3193 632 3288 intelligitur:
660 3193 749 3262 Deus
766 3219 786 3261 a
804 3187 956 3324 (hamon
967 3200 1085 3285 vertier,
1110 3194 1185 3269 hoc

138 3297 212 3390 est,
237 3297 282 3367 ab
297 3291 426 3367 austro.
528 3339 530 3344 -

430 3507 432 3512 .
564 3446 686 3526 CAP.
720 3450 768 3524 V.

216 3588 391 3682 Desccntiat
405 3579 576 3684 fraternus
593 3611 675 3661 merto
691 3597 727 3660 in
746 3592 872 3662 hortum
879 3590 984 3681 suum.
1034 3590 1187 3668 Fiduciae

137 3695 278 3787 plenam
294 3692 444 3764 vocem!
470 3691 516 3780 ei,
544 3690 600 3780 qui
620 3693 725 3763 rebus
743 3692 906 3764 omnibus
926 3714 969 3764 ex
987 3693 1090 3767 fonte
1103 3685 1187 3786 prol

138 3794 220 3887 prio
239 3793 352 3864 vitam
372 3788 526 3874 scaturit,
551 3789 673 3881 sponsa
689 3791 837 3863 mensam
855 3792 1014 3885 apponit,
1040 3793 1187 3867 hortum

140 3889 304 3965 animatia
317 3888 502 3963 arboribus
524 3883 709 3964 consitum.
757 3887 839 3961 Nos
854 3909 965 3981 porro
980 3889 1124 3964 arbores
1135 3891 1189 3964 su·

89 4072 94 4085 Ι
138 4012 240 4083 mus,
276 3987 547 4063 simodoctiam
563 3987 678 4061 cibum
700 3988 753 4075 ei,
781 3990 971 4064 animarum
988 3990 1188 4065 nostrarum
1285 4039 1289 4060 ,

140 4089 308 4180 salutem,
344 4107 584 4181 apponamus,
608 4088 709 4180 juxta
727 4087 830 4160 illud:
856 4093 951 4162 Maus
968 4092 1052 4160 cibas
1068 4090 1125 4186 eft,
1151 4105 1189 4159 ut

136 4189 484 4283 faciamssvolunrarem
503 4196 604 4281 patris
633 4192 701 4258 oui.
753 4186 899 4260 Fruiius
926 4203 1043 4262 autem
1068 4185 1189 4260 noster

142 4290 315 4364 voluntas
346 4291 407 4364 est.
458 4290 551 4389 Quia
573 4306 664 4461 velt?
687 4281 765 4358 fieri
786 4309 862 4362 noo
884 4285 1026 4387 potest,
1060 4300 1104 4357 ut
1120 4307 1195 4362 troc

671 4404 698 4478 5
1052 4389 1160 4466 uitur
1269 4446 1274 4452 .
