2734 4859
193 573 205 596 “
506 593 754 676 truste
803 594 877 680 n.-
1048 570 1050 574 ’
1141 618 1212 694 ru

144 755 215 838 lue.
264 751 451 836 ronanus
472 777 560 856 ergo
579 758 831 855 &Apostolos
848 755 976 836 Christi
992 760 1155 855 accipere
1173 759 1216 836 fi-

144 863 212 936 lios
231 863 355 936 matris
369 856 532 952 sponsae,
558 861 632 934 hoc
649 859 722 955 est,
748 862 969 937 Hierusalem
995 859 1091 934 filios
1108 863 1214 937 coele·

145 959 225 1054 llis,
257 961 319 1055 qui
334 965 590 1058 pugnaverunt
610 964 708 1056 prius
724 962 760 1035 in
777 962 859 1057 ista,
884 983 961 1055 quae
981 965 1212 1059 exgentibus

147 1079 213 1135 con
256 1074 394 1160 egetur.
422 1057 705 1157 ,Pugnnverunt
726 1076 867 1157 autem,
902 1078 944 1135 ut
962 1064 1155 1138 vincerent
1174 1064 1212 1138 in

146 1163 207 1234 eai
235 1183 303 1251 os,
329 1180 422 1254 quos
442 1161 541 1258 prius
561 1159 686 1234 hab'uit
706 1158 980 1235 infidelitatis&
998 1165 1211 1237 inobedien-

144 1259 199 1333 tie
222 1257 362 1357 sensus,
398 1259 433 1333 dt
454 1281 600 1336 omnem
624 1263 816 1335 elationem
835 1263 1074 1340 extollentem
1096 1261 1131 1337 le
1150 1263 1211 1336 ad·

143 1357 261 1435 versus
277 1357 462 1438 scientiam
477 1357 627 1454 Christi,
653 1360 744 1434 srcut
754 1360 881 1434 Paulus
898 1362 1003 1438 dicit:
1035 1367 1210 1456 digitalis·

142 1485 193 1534 m
208 1463 417 1560 spernentes,
446 1461 486 1536 U
502 1485 623 1533 omnem
636 1461 861 1548 sitiendum,
887 1465 1087 1534 extoientem
1102 1463 1133 1551 se
1151 1465 1209 1534 ad·

141 1563 244 1654 ἠψπ
252 1562 424 1654 scientim
438 1559 568 1660 Clm'fli.
620 1561 877 1658 Pugnaverunt
893 1583 981 1658 ergo
993 1583 1069 1635 non
1080 1563 1208 1636 adver·

142 1659 193 1736 lus
210 1683 307 1756 earn,
332 1659 444 1736 sedin
461 1683 517 1755 ea,
543 1661 617 1736 hoc
633 1661 698 1752 est,
724 1664 761 1735 in
779 1660 934 1737 sentibus
948 1663 1104 1736 &corde
1114 1665 1206 1758 ejus,

141 1773 177 1834 ut
203 1761 429 1838 destruerent
456 1760 738 1856 &depellerent
762 1783 906 1836 ornnem
932 1759 1205 1862 infidelitatem,
1247 1809 1251 1828 ι

141 1882 247 1937 omne
260 1864 405 1954 vitium,
430 1882 629 1954 omnesque
646 1861 840 1955 dodrinas‚
868 1885 946 1953 quae
964 1865 996 1935 ei
1012 1865 1107 1936 inter
1121 1885 1207 1960 gen·
1232 1937 1235 1946 ,

141 1961 328 2056 tespolitoe
339 1961 430 2038 falsis
443 1959 675 2057 sophistarum
693 1961 942 2036 assertionibus
962 1964 1206 2039 inoleverant.

141 2058 216 2135 Fuit
239 2082 332 2158 crgo
357 2059 545 2158 Apostolis
573 2061 702 2136 christi
732 2065 866 2160 grande
891 2065 1047 2155 bellum,
1085 2063 1206 2136 donec
1264 2067 1275 2112 -“

141 2183 259 2242 omnes
283 2185 330 2236 ex
350 2183 394 2236 ea
411 2162 586 2237 mendacii
602 2179 719 2240 turres
745 2164 919 2237 &muros
943 2161 1120 2258 peruerse
1141 2163 1207 2236 do·

141 2259 255 2336 ilrinae
277 2257 510 2355 subruerent,
536 2262 656 2336 donec
678 2265 875 2356 iniquitatis
894 2279 1100 2360 argumenta
1120 2283 1206 2358 pru·

141 2359 355 2452 sternerent,
394 2359 428 2434 dr
451 2379 646 2458 operantes
666 2365 744 2438 haec
761 2380 869 2457 atque
885 2361 1142 2438 succendentes
1164 2363 1204 2437 in

141 2463 245 2536 corde
271 2462 352 2554 eius
378 2459 559 2537 daemones
584 2463 818 2538 debellarent.
869 2463 943 2537 Ubi
964 2486 1051 2560 ergo
1071 2462 1206 2559 effuga·

141 2575 268 2636 verunt
287 2563 333 2634 ab
351 2582 394 2636 ea
408 2584 534 2638 omnes
558 2562 674 2637 sensus
696 2562 916 2638 infidelitatis
932 2568 1100 2657 antiquae,
1126 2585 1205 2638 non

141 2682 208 2756 earu
231 2657 444 2754 relin'quunt
467 2662 643 2746 otiosam,
677 2685 723 2739 ne
746 2664 845 2738 forte
865 2685 929 2760 per
953 2667 1068 2740 otium
1084 2662 1204 2736 rursus

141 2761 280 2855 tutique
297 2758 499 2858 surrepant,
526 2763 560 2835 de
579 2764 743 2856 redeant,
772 2784 848 2856 que
866 2765 1003 2860 repulsa
1019 2765 1115 2837 sunt:
1143 2761 1205 2836 sed

141 2862 221 2936 dant
239 2863 275 2936 ei
295 2882 410 2956 opus,
436 2863 535 2956 quod
552 2878 654 2960 agat,
682 2863 940 2962 &consignant
957 2866 989 2938 ei
1006 2863 1204 2937 custodiam

141 2961 335 3038 vinearum.
360 2961 1205 3060 ,vineasaccipiamusfingula'quaecumquevo·

141 3061 1204 3158 luminalegisacprophetarum.Erateninrunusquisqueeo·

141 3161 1067 3258 mmsrcutagerplenus‚quembenedixitDominus.
1112 3163 1202 3236 Haee

141 3282 222 3359 ergo
236 3259 294 3335 isti
311 3259 510 3336 viri'fortes
526 3263 607 3356 post
626 3263 812 3339 victoriam
831 3265 914 3337 belli
932 3261 1102 3336 servanda
1118 3263 1149 3335 ei
1167 3261 1203 3338 dt

141 3361 369 3438 custodienda
387 3362 608 3459 confignant.
659 3363 751 3437 Non
770 3365 864 3437 enirn
880 3365 1087 3455 relinquunt
1101 3384 1201 3457 eant,

141 3475 174 3538 ut
190 3462 360 3554 diximus,
385 3460 550 3536 otiosam.
600 3462 672 3537 Sed
688 3464 722 3536 dt
737 3461 1041 3560 Evangelistarurn
1058 3459 1202 3554 scripta,

141 3579 240 3668 atque
250 3562 410 3656 ipsorum
423 3559 688 3656 Apostolorum
706 3565 841 3636 litteras
857 3562 1204 3656 possumuslrnriliter

141 3665 261 3736 vineas
277 3661 458 3756 accipere,
485 3683 580 3754 quas·
588 3663 684 3752 huic,
712 3683 789 3757 quae
806 3684 851 3735 ex
869 3665 1034 3760 gentibus
1050 3684 1203 3759 congre·

141 3779 251 3860 gatus,
278 3781 349 3856 pro
365 3783 435 3855 qus
454 3766 560 3836 etiarn
573 3763 849 3855 dimicaverunt,
877 3762 1203 3838 custodiendasco·

141 3863 330 3958 leudasque
354 3861 589 3938 tradiderunt.
642 3865 756 3963 Quod
786 3864 971 3948 vernarit,
1006 3865 1088 3956 quia
1106 3863 1203 3937 suam

141 3963 317 4059 propriam
329 3963 472 4036 vineam
481 3983 558 4037 non
574 3963 798 4056 custodierit,
823 3965 917 4037 illam
928 3961 1109 4057 polluntur
1124 3983 1203 4036 eru·

141 4057 309 4138 ditionem
333 4061 476 4154 dicere,
510 4083 579 4155 qua
603 4066 848 4156 unusquisque
864 4065 1101 4138 exercebatur
1120 4075 1204 4134 ante

141 4154 264 4232 fidem:
295 4182 402 4256 quam
425 4161 499 4237 stne
524 4163 636 4236 dubio
659 4164 809 4237 credens
835 4161 1000 4254 Christo,
1034 4161 1203 4252 relinquit

141 4253 348 4350 acuerent,
384 4261 501 4356 daea,
537 4284 614 4356 quae
627 4263 692 4341 fibi
704 4267 804 4340 lucra
822 4263 1064 4358 videbantur,
1102 4258 1206 4332 ducit

189 4361 335 4455 ou'gmu
363 4347 456 4452 Uim.
482 4363 550 4437 lx,
820 4358 859 4446 K
1049 4386 1170 4469 prop·
