2734 4859
448 544 814 626 nonnae
861 546 892 626 1.
1027 597 1035 616 „
1124 559 1193 653 3⁶7

133 712 268 809 ¹aliquia
285 711 447 787 immunis
463 710 536 803 est,
562 710 670 785 habet
688 729 836 809 regnum
849 705 961 807 snum,
986 712 1021 788 dr
1044 713 1104 792 sub
1117 734 1194 815 reg·

109 823 112 828 '
137 835 194 892 uo
218 833 294 887 uuo
312 814 438 886 multas
458 809 607 907 possidet
622 828 769 907 gentes,
796 831 860 905 per
876 815 1041 905 plurimas
1057 814 1191 892 scilicet

136 913 275 1008 speeies
297 911 472 1002 avaritie,
495 911 596 983 &ob
614 911 649 983 id
671 929 764 1003 opus
790 911 839 985 est
857 907 1076 988 sermonibus
1092 916 1188 1010 Dei,

136 1030 182 1088 ut
195 1012 390 1086 istiusmodi
405 1027 515 1105 regna
528 1030 607 1084 cum
620 1007 687 1083 suis
701 1011 864 1107 gentibus
882 1015 1094 1090 evellantur.
1118 1014 1192 1091 Sal·

137 1127 250 1186 vator
266 1113 303 1184 in
323 1112 511 1206 evangelio
526 1108 700 1204 ostendit,
726 1111 864 1184 dicens:
892 1116 1003 1182 omnis
1017 1115 1190 1209 plantario,

137 1211 485 1313 quemnonplnnravir
503 1210 831 1306 Parermruscaelejlr's,
856 1214 1073 1288 eradicabitur.
1099 1214 1189 1290 Sunt

138 1311 297 1405 quaedam
324 1307 533 1383 intrinsecus
558 1309 594 1381 in
623 1308 802 1383 animabus
826 1306 949 1382 vestris
964 1311 1084 1406 insita,
1112 1334 1189 1406 quae
1253 1377 1255 1388 .

136 1432 217 1487 non
237 1411 415 1503 plantavit
433 1407 574 1482 celestis
594 1407 709 1482 Pater.
761 1407 896 1481 Omnes
912 1412 1043 1502 quippe
1056 1414 1190 1508 cogita·

134 1512 259 1583 tiones
274 1507 440 1600 penne,
467 1507 679 1597 homicidia,
706 1507 889 1600 adulteria,
915 1508 1191 1606 fornicationes,

134 1607 246 1687 furta,
270 1606 353 1681 falsa
362 1606 573 1695 testimonia,
599 1605 833 1701 blasphemiae,
849 1610 1088 1702 plantationes
1097 1611 1195 1701 sunt,¹

137 1729 226 1802 quas
242 1728 317 1780 non
333 1707 509 1799 plantavit
522 1702 664 1779 caelestis
682 1704 796 1779 Pater.
847 1705 882 1779 Si
893 1723 1008 1782 autem
1020 1710 1075 1782 vis
1088 1708 1189 1801 scire,

135 1808 239 1901 mrjus
261 1806 302 1880 lit
325 1806 499 1900 plantatio
521 1803 715 1877 istiusmodi
742 1806 941 1900 cogitatus,
971 1808 1071 1903 audi,
1105 1811 1188 1902 quia

135 1911 287 1980 inienuus
302 1908 388 1978 swmo
403 1907 458 1975 hoc
466 1901 561 1996 fecii,
585 1908 640 2001 qui
650 1905 913 2001 superseminavit
923 1913 1060 1979 zizania
1073 1907 1112 1981 in
1124 1935 1188 1982 me·

134 2009 187 2080 dir
209 2010 326 2078 tritici.
375 2003 585 2078 lostatecce
602 2002 723 2095 Deus,
755 2001 1101 2103 instatdrzabulus,
1126 2010 1188 2084 ha·
1237 2053 1239 2058 ·

134 2107 266 2183 bentes
287 2104 414 2178 semina
432 2106 498 2176 sna.
550 2100 584 2172 si
606 2100 803 2176 dederimus
816 2106 934 2178 locum
948 2105 1101 2201 Zabulo,
1123 2108 1187 2190 ini-

133 2207 249 2283 micus
266 2204 377 2279 homo
391 2199 575 2293 superserit
588 2202 858 2294 plantationem,
885 2226 986 2295 quarn
1000 2227 1076 2280 non
1088 2209 1186 2303 plan·

134 2305 230 2380 tavit
248 2301 521 2393 celestisPater,
547 2300 934 2391 utiqueeradicandam.
984 2305 1044 2380 bin
1054 2323 1185 2392 eutem,
1221 2341 1223 2346 ·

133 2403 278 2498 repulso
290 2402 443 2492 Zabulo,
468 2403 588 2474 locum
606 2400 804 2473 dederimus
820 2401 919 2492 De0,
944 2406 1099 2498 gaudens
1114 2406 1185 2482 De·

133 2526 178 2578 us
203 2500 467 2597 subprincipali
497 2501 615 2572 cordis
638 2499 747 2571 nostri
773 2497 911 2597 sparget
935 2501 1050 2578 semen
1073 2503 1182 2582 suum,

132 2600 218 2677 Nee
242 2602 363 2693 aliquis
387 2600 580 2691 existimet,
613 2598 710 2670 triste
732 2600 895 2690 quiddam
918 2601 1103 2695 Jeremiam
1127 2627 1184 2681 re·

133 2698 285 2796 cepisse,
319 2700 398 2790 quia
418 2697 629 2770 constitutus
647 2698 688 2769 srt
705 2699 746 2769 ad
761 2700 1034 2776 eradicationem
1051 2725 1184 2799 regno-

130 2822 212 2876 rum
239 2798 459 2894 &gentiunt
507 2797 683 2869 Bonitatis
710 2798 779 2868 Dei
803 2798 893 2872 istud
917 2800 967 2873 est
994 2804 1182 2898 indicium,

132 2898 315 2976 eradicare
334 2896 421 2969 vitia
442 2915 505 2992 per
528 2893 726 2987 sermones,
764 2894 903 2973 inimica
925 2899 1067 2974 caelestis
1082 2905 1183 2998 regni

130 2996 457 3096 regnadestruere,
492 2995 526 3067 &
542 2997 714 3068 bellantes
730 3015 809 3070 cum
821 2993 880 3071 sua
893 3014 1001 3095 gente
1016 3016 1184 3076 evertere

131 3099 319 3183 nationes,
346 3096 523 3169 eradicare
548 3093 814 3172 &subvertere

210 3217 267 3286 15.
297 3193 354 3269 Est
368 3194 522 3287 quedam
543 3191 732 3266 aedificatio
748 3190 888 3287 Zabuli,
915 3193 1181 3290 &estquaedam

131 3294 322 3371 edificatio
345 3294 432 3366 Dei:
468 3293 564 3386 quod
586 3290 688 3385 super
717 3314 859 3367 arenam
876 3299 1072 3389 extruitur,
1104 3299 1180 3374 hoc

128 3394 258 3471 Zabuli
277 3393 344 3468 est:
370 3388 471 3487 super
488 3394 589 3466 nullo
610 3392 704 3479 enim
723 3391 916 3487 stabilitur,
942 3396 1181 3490 abortumque

127 3493 401 3570 nonsolidatur.
453 3491 563 3593 Quod
582 3507 699 3566 autem
717 3490 1181 3595 superpetramaedificatur,
1247 3521 1250 3526 ·

127 3592 206 3668 hoc
229 3593 300 3667 Dei
321 3591 382 3668 est.
432 3591 594 3665 Unde&
617 3592 691 3682 his,
725 3592 783 3683 qui
801 3593 875 3685 ejus
893 3592 992 3689 sunt,
1028 3596 1178 3673 dicitur:

130 3696 200 3766 Dea·
216 3694 428 3788 agriculture,
454 3695 518 3764 Dei
530 3693 690 3783 edificatio
705 3693 785 3789 estis.
834 3696 936 3793 Super
954 3713 1060 3790 genter
1072 3701 1179 3771 erudi.
1211 3692 1214 3697 ’

127 3816 219 3880 care,
252 3792 292 3870 ὃ·
314 3792 512 3881 subvertere,
549 3799 588 3866 U
612 3792 791 3887 disperdere.
841 3792 878 3866 Si
904 3796 1102 3870 eradicetur
1117 3800 1179 3873 ali·

127 3891 237 3986 quid,
263 3892 297 3966 dt
317 3892 509 3966 eradicatio
529 3889 600 3985 ipsa
619 3913 695 3964 non
715 3890 944 3987 dispergitur,
969 3895 1083 3970 adhue
1096 3919 1177 3992 per·

122 4005 270 4086 menet,
304 3990 402 4085 quod
421 3989 581 4065 evulsum
601 3988 662 4068 est.
714 3991 748 4062 Si
768 3988 945 4066 subruitur
962 3994 1109 4090 domus,
1142 3998 1179 4071 dt

122 4091 260 4185 lapides
280 4092 317 4164 in
332 4088 522 4165 ruinasunt
536 4090 677 4185 integri,
704 4088 918 4183 diffipataest
932 4092 1073 4187 domus,
1099 4117 1177 4169 nun

123 4203 246 4271 nmen
270 4191 420 4290 perdita.
471 4187 572 4287 Opus
594 4189 644 4266 est
661 4188 770 4302 igitur
782 4192 1001 4293 benignitate
1017 4193 1108 4366 Deli}
1132 4209 1175 4269 ut

1012 4314 1072 4368 era
1108 4338 1127 4356 ·
