2734 4859
379 594 1151 709 H'0M1t·1n.1u..-.=·,479
1281 629 1282 642 t

94 765 180 862 qiua
196 760 359 858 duplices
379 758 552 836 habemus
574 771 719 855 patres,
743 758 930 836 utimur&
951 757 1077 844 David
1098 777 1152 839 te·
1188 775 1190 780 ’

93 865 296 960 (limonio,
331 857 371 938 ia
389 861 654 958 qmdragenmo
677 875 809 955 quarto
837 859 999 957 psalmo,
1023 862 1152 940 ita-di·
1262 933 1271 942 .

96 968 238 1041 centius
274 963 360 1035 Auli
376 962 484 1056 filia5
522 963 561 1038 ts
579 964 683 1050 vlle,
717 963 756 1038 dt
774 963 898 1038 trutina
916 985 1025 1048 asem
1040 978 1151 1054 tum,

94 1068 139 1146 (ὅ
154 1061 332 1157 obliviscere
342 1059 489 1160 populant
504 1077 610 1152 tuum,
634 1059 674 1137 (7
686 1060 920 1162 demmpelrt's
939 1064 1017 1140 lui:
1054 1049 1159 1164 Qua-²
1189 1119 1191 1128 ·

93 1166 124 1242 fi
154 1178 256 1258 pater
287 1162 417 1258 quippe
446 1164 577 1257 coepit:
610 1162 700 1239 ente
712 1161 811 1252 filia·
865 1158 965 1260 Ergo
989 1161 1151 1259 duplices

93 1262 208 1341 nostri
224 1277 343 1357 patres
361 1260 450 1336 sunt.
500 1260 568 1336 Sed
583 1258 816 1354 obliviscere,
841 1262 977 1353 inquit,
1003 1263 1162 1340 domum-

95 1362 281 1462 patrissui
304 1362 447 1456 prioris.
503 1360 540 1434 Si
568 1361 677 1457 igitur
700 1361 836 1436 oblitus
866 1360 1011 1439 domum
1040 1366 1151 1460 patris

94 1468 152 1540 tui
176 1462 324 1557 prioris,
349 1459 467 1534 rursus
489 1461 599 1538 fueris
619 1461 663 1535 ad
683 1473 832 1558 peecata
854 1459 1076 1561 conversus,'
1098 1464 1153 1538 in·
1255 1513 1260 1526 ι

96 1563 210 1638 cidisti
226 1564 264 1638 in
284 1561 344 1654 id,
370 1561 470 1653 quod
488 1580 585 1637 nunc
603 1560 734 1638 dicitur
752 1573 953 1656 peccatum.
1006 1559 1156 1659 cmverfi
1263 1627 1265 1631 .

91 1667 175 1755 [unt
200 1663 241 1736 as
269 1666 460 1758 iniquitates
479 1669 614 1760 poltu'm
632 1660 763 1756 [nmen
783 1666 954 1752 pristm'
999 1659 1157 1736 Diceba-

95 1784 175 1840 mus
200 1761 333 1836 dudum
354 1761 531 1838 Zabulon
555 1773 698 1858 patrem
718 1758 878 1838 nostium
899 1755 1028 1856 fuine,
1055 1776 1155 1836 ante·

96 1884 202 1956 quam
221 1862 322 1935 Deus
344 1859 457 1934 sallus
476 1860 520 1934 fit
542 1874 669 1955 pater,
695 1861 857 1940 sitamen
876 1879 975 1935 nunc
994 1881 1071 1935 non
1091 1862 1154 1938 ha·

94 1966 221 2039 bemus
236 1964 344 2036 etiam
358 1961 534 2036 Zabnlum
558 1974 717 2055 patrem:
742 1959 963 2054 quodetiam
981 1960 1026 2048 de
1044 1961 1155 2060 Joan·

94 2067 152 2139 nis
168 2060 318 2157 epistola
333 2062 593 2158 approbamus,
617 2062 656 2134 in
674 2080 743 2153 qua
755 2061 807 2134 ita
822 2056 1005 2134 scribitur:
1028 2065 1155 2152 omnis,

96 2165 155 2261 qui
180 2177 334 2259 penam
351 2159 465 2255 feeit,
504 2183 545 2234 ex
575 2158 692 2236 zatun
710 2175 812 2234 nolus
829 2158 880 2260 est.
943 2155 1076 2236 Toties
1107 2181 1171 2240 ex·

94 2261 241 2339 Zabulo
263 2257 461 2355 nascimur,
494 2260 639 2353 quoties
662 2279 862 2355 peccamus.
911 2256 1042 2334 Infelix
1065 2258 1156 2355 iste,

97 2360 160 2454 qui
184 2360 320 2456 semper
348 2373 583 2459 generatura
612 2359 767 2438 Zabulo.
814 2355 1036 2460 Rursumque
1049 2361 1158 2438 mul·

97 2476 177 2534 tum
199 2461 350 2551 beatus,
384 2459 444 2552 qui
463 2458 600 2552 semper
624 2481 682 2534 ex·
693 2458 780 2538 Deo
801 2456 972 2537 uascltur.
1023 2457 1158 2558 Neque

96 2563 196 2638 enim
211 2557 317 2636 semel
330 2558 444 2635 dicam
457 2558 588 2652 justum
604 2580 650 2636 ex
664 2557 912 2651 Dentatum,
937 2557 996 2634 sed
1010 2580 1075 2657 per
1093 2560 1159 2636 sin·

99 2661 184 2756 gula
203 2659 349 2734 virtutis
373 2677 485 2753 opera
509 2656 647 2755 semper
670 2657 783 2753 justus
808 2656 963 2733 nascitur
990 2679 1037 2737 ex
1058 2657 1158 2739 Deo.

99 2760 188 2835 Hoc
207 2759 387 2834 autemut
400 2758 538 2851 plenius
558 2757 847 2853 possitprobari,
886 2759 992 2834 etiam
1016 2757 1061 2832 de
1083 2758 1159 2834 Sal·

98 2859 242 2934 vatoris
262 2856 373 2932 nostri
389 2859 597 2949 quotidiana
610 2859 802 2936 nativitate
818 2856 993 2951 dicamus,
1019 2858 1159 2952 liquido

99 2958 140 3033 id
161 2958 199 3030 in
217 2956 317 3049 jnstis
337 2960 546 3034 obtinentes
570 2958 669 3049 quod
690 2959 727 3032 in
745 2957 907 3032 Domino
931 2955 1170 3051 praeessetis.¹

98 3058 271 3134 Salvator
287 3056 411 3132 'noster
432 3056 606 3155 splendor·
617 3057 668 3132 est
678 3058 825 3154 glotiae,
852 3055 1020 3150 splendor
1037 3071 1159 3135 autem

99 3178 181 3232 non
202 3156 308 3234 semel
333 3157 509 3252 nascitur,
524 3157 569 3231 *se
590 3159 758 3251 deinceps
779 3156 905 3231 definit
924 3156 1041 3231 nuci:
1068 3177 1160 3250 quo·
1189 3221 1202 3236 ,

99 3258 324 3349 tiescumque
352 3273 472 3332 ortum
499 3258 609 3329 suerit
632 3259 784 3352 lumen,
819 3277 866 3332 ex
889 3276 962 3349 quo
988 3255 1159 3350 splendor

98 3357 244 3452 oritur,
278 3358 390 3431 toties
415 3359 532 3432 oritur
558 3356 592 3452 .&
615 3352 782 3452 splendor
804 3357 938 3454 gloria.
979 3353 1161 3440 ,Salvator

98 3454 223 3531 noster
247 3456 418 3551 sapientia
448 3457 499 3532 est
522 3455 607 3533 Dei.
656 3455 839 3550 Sapientia
867 3476 961 3531 vero
992 3452 1162 3551 splendor

99 3555 154 3629 est
177 3557 267 3632 lucis
292 3570 445 3632 eternae.
495 3555 532 3632 Si
556 3560 664 3655 igitur
688 3556 859 3634 Salvator
888 3556 1026 3651 semper
1050 3555 1162 3634 nasci·
1271 3615 1276 3636 .

98 3669 183 3748 tur,
207 3656 242 3730 ἃ
266 3656 405 3731 idcirco
431 3657 544 3733 dicit:
582 3660 799 3732 Antemnates
828 3659 917 3730 ceses
934 3675 1068 3754 generat
1093 3679 1163 3752 me,

98 3774 202 3846 non,
235 3769 278 3829 ut
303 3758 444 3849 quidam
468 3759 561 3830 male
584 3760 740 3853 legunt,
767 3761 969 3854 generatim
1007 3758 1045 3832 si
1076 3753 1164 3834 sent·

99 3873 168 3949 per
194 3875 241 3926 ex
264 3853 370 3933 Patre
394 3853 549 3932 nascitur
575 3856 784 3942 Dominus,
813 3859 921 3934 etiam
946 3869 988 3930 tu
1011 3860 1048 3932 in
1074 3856 1164 3932 simi·

99 3952 291 4030 litudinem
316 3959 392 4048 ejus
417 3970 556 4031 tantum
582 3956 789 4050 adoptionis
821 3959 979 4052 spiritum
1002 3957 1164 4050 bahem,
1269 4023 1273 4034 .

101 4053 242 4146 semper
276 4059 454 4148 generaris
487 4079 508 4133 a
535 4056 623 4130 Deo
655 4077 721 4149 per
758 4057 914 4155 singulos
945 4054 1167 4143 intelleems,

101 4174 170 4266 per
192 4153 324 4251 lingula
348 4173 483 4256 opera,
509 4153 718 4306 &esicone
742 4153 838 4234 filius
861 4156 936 4234 Dei
958 4157 996 4232 in
1014 4151 1167 4356 ffflo
