2734 4859
717 723 795 804 n
846 721 919 801 o
970 721 1057 800 M
1106 683 1251 800 1'L
1300 721 1337 800 1
1381 722 1456 800 A
1551 723 1880 806 xv111.
2177 659 2370 823 ‘⁶41-

240 891 409 969 dem
454 888 714 965 subibit
750 902 991 984 poenas
1027 940 1052 978 ‚
1116 885 1244 962 nisi
1292 889 1518 986 egerit
1573 889 2084 981 poenitentiam.
2183 888 2366 965 Uni-

244 990 525 1066 versam
559 988 867 1062 scrutare
912 985 1372 1080 scripturam,
1425 987 1492 1060 dt
1531 989 1903 1081 invenies,
1957 990 2047 1064 de
2089 989 2364 1064 duabus

244 1093 448 1166 hisce
493 1090 820 1184 gentibus
871 1089 1205 1182 pleraque
1264 1085 1424 1161 dici.
1542 1084 1779 1182 Elegit
1825 1087 2027 1162 Deus
2084 1105 2362 1182 patres,

248 1187 581 1284 promissa
620 1187 755 1260 illis
800 1186 1034 1279 dedit,
1087 1187 1434 1282 populum
1465 1239 1491 1278 ‚
1543 1186 1662 1278 qui
1695 1209 1734 1259 a
1769 1189 2086 1278 patribus
2119 1208 2368 1280 ortum

253 1290 605 1377 ducebat,
656 1286 904 1361 eduxit
946 1307 1035 1357 ex
1074 1283 1456 1380 AEgypto:
1511 1304 1640 1358 eos
1683 1295 2066 1379 peccantes
2103 1291 2371 1361 tolera-

252 1390 411 1475 vit3
476 1385 704 1458 veluti
754 1397 956 1478 pater
1002 1385 1264 1457 erudiit
1298 1438 1323 1476 ‚
1398 1384 1800 1456 introduxit
1829 1437 1855 1476 ,
1920 1395 2178 1460 terram
2228 1389 2369 1460 illis

254 1484 721 1582 promiffionis
755 1483 1093 1572 tradidit3
1144 1504 1273 1578 per
1314 1497 1642 1576 tempora
1673 1473 2187 1577 prophetas⁰ad
2232 1505 2368 1560 eos

254 1587 436 1660 misit
470 1638 494 1675 ‚
568 1584 729 1655 illos
777 1581 1071 1657 edocuit
1118 1581 1185 1655 ὅτ.
1218 1585 1485 1656 avertit
1530 1604 1568 1655 a
1606 1584 1922 1674 peccatis
1959 1607 1980 1656 ε
2049 1585 2374 1679 longani-

257 1704 444 1759 mem
472 1681 737 1773 semper
759 1679 829 1755 se
854 1684 1200 1775 praebuit.‚
1249 1683 1540 1755 mittens
1565 1682 1926 1772 medicos,
1977 1688 2216 1756 donec
2245 1704 2373 1776 ve·

258 1784 449 1855 niret
501 1780 940 1856 medicorum
988 1780 1317 1873 princeps
1349 1834 1376 1873 ‚
1464 1781 1836 1876 prophetis
1893 1783 2371 1856 excellentior

260 1881 661 1974 propheta,
742 1879 1033 1953 medicis
1112 1879 1556 1971 praestantior
1636 1881 1973 1955 medicus.
2102 1881 2315 1955 Hunc
2341 1933 2372 1974 ‚

170 2029 175 2036 -
265 1999 427 2053 cum
469 1977 907 2073 advenisset,
959 1978 1481 2073 prodiderunt,
1549 1978 1616 2050 δι
1666 1979 2142 2059 occiderunt,
2195 1985 2372 2069 tolle,

262 2081 449 2165 toHe,
499 2080 879 2152 clamantes
900 2089 929 2164 ,'
974 2078 1151 2149 hunc
1184 2103 1217 2150 ο
1266 2095 1488 2150 terra:
1541 2082 1854 2171 crucifige,
1903 2083 2181 2171 crucefige
2213 2105 2376 2157 eum.

263 2178 469 2252 Illico
517 2178 795 2251 visitata
840 2175 942 2252 est
992 2198 1214 2272 gens:
1268 2179 1354 2250 ad
1407 2175 1855 2253 solitudinem
1904 2178 2224 2252 redastus
2271 2177 2378 2252 est

264 2277 473 2352 locus
499 2328 523 2369 ,
568 2277 689 2349 ubi
719 2278 913 2350 cruci
953 2274 1196 2350 affixus
1232 2275 1333 2350 est
1355 2274 1550 2370 Jesus
1581 2297 1802 2350 meus.
1905 2275 2138 2372 Elegit
2173 2279 2378 2356 Deus

269 2378 472 2449 aliam
523 2389 831 2470 gentem.
932 2375 1215 2450 Videtis
1244 2428 1269 2466 ‚
1322 2397 1532 2466 quam
1569 2378 1797 2468 ampla
1837 2376 1920 2450 sit
1969 2377 2187 2451 meilis
2220 2430 2241 2465 ‚
2299 2377 2380 2447 li-

273 2491 393 2548 cet
424 2475 725 2567 operarii
753 2474 885 2547 fint
923 2477 1150 2568 pauci.
1255 2477 1450 2574 Quin
1477 2475 1545 2546 δι
1571 2476 1774 2546 aliter
1804 2475 2146 2568 dispensat
2178 2477 2380 2548 Deus

270 2574 590 2670 sagenam
607 2625 632 2665 ‚
671 2587 757 2646 ut
771 2574 1035 2669 jugiter
1057 2575 1129 2647 in
1155 2574 1361 2666 hujus
1387 2575 1556 2646 vitae
1584 2594 1777 2647 mare
1803 2569 2161 2648 mittatur:
2206 2595 2386 2647 con·

272 2684 651 2770 gregantur
720 2674 953 2744 omnis
1012 2673 1575 2768 generis-pisces
1613 2726 1639 2764 ‚
1711 2676 1932 2746 mittit
1995 2674 2384 2766 piscatores

276 2775 544 2847 multos
569 2824 592 2864 ,
640 2771 861 2844 mittit
892 2785 1275 2845 venatores
1299 2823 1323 2861 ‚
1375 2775 1644 2844 multos
1675 2788 2030 2845 venantur
2055 2795 2145 2846 ex
2184 2772 2386 2846 omni

278 2886 576 2962 monte,
632 2880 985 2943 venantur
1025 2891 1115 2944 ex
1150 2867 1346 2943 omni
1393 2872 1604 2946 colle.
1708 2871 1899 2942 Vide
1928 2923 1952 2960 ‚
2005 2886 2264 2960 quanta
2308 2874 2390 2946 iu

284 2969 629 3043 salvandis
678 2969 1009 3065 gentibus
1063 2970 1519 3059 providentia
1557 2969 1661 3042 fit.
1771 2967 1961 3041 Vide
2005 2971 2217 3063 igitur
2263 2972 2393 3041 be-

286 3071 699 3165 nignitatem
754 3068 821 3140 &
869 3067 1320 3142 severitatem
1362 3068 1524 3142 Dei.
1625 3073 1704 3140 ln
1750 3069 2064 3160 priorem
2105 3069 2393 3157 quidem

288 3184 573 3266 gentem
617 3166 873 3262 lapsam
918 3166 1301 3258 severitas,
1364 3167 1441 3240 in
1493 3169 1782 3241 alteram
1829 3187 2010 3238 vero
2061 3166 2394 3257 promiss‘a

293 3269 361 3341 &
403 3267 798 3362 benignitas
828 3311 848 3350 ,
929 3267 1320 3342 dummodo
1376 3266 1832 3360 permanserit
1881 3267 1953 3338 in
2012 3267 2392 3353 bonitate;

290 3367 611 3458 alioquin
640 3367 846 3439 etiam
874 3364 1018 3459 ipsa
1050 3365 1442 3440 excidetur.
1548 3365 1806 3455 Neque
1841 3365 2028 3437 enim
2073 3380 2246 3435 tunc
2289 3364 2394 3434 so-

293 3468 440 3540 lum
486 3464 742 3539 securis
793 3465 877 3537 ad
919 3465 1226 3537 radicem
1270 3466 1607 3538 arborum
1651 3463 1875 3556 posita
1913 3477 2103 3537 erat:
2154 3481 2399 3556 parata

296 3566 680 3638 etiamnum
714 3561 815 3635 est
850 3564 1096 3638 venire
1132 3564 1409 3636 securis.
1514 3562 1703 3635 Nam
1739 3563 1972 3650 securis
2015 3566 2096 3632 ad
2135 3566 2404 3634 radicem

296 3667 588 3736 arborum
630 3662 823 3760 postea
862 3662 982 3758 est,
1050 3663 1286 3735 aiebat
1319 3673 1493 3736 tunc
1536 3660 1728 3756 Jesus
1777 3683 1974 3735 meus
2027 3660 2114 3733 de
2155 3661 2402 3755 lsrael,

304 3763 492 3854 apud
534 3785 742 3854 quem
780 3761 1035 3835 securis
1083 3777 1237 3833 erat
1263 3814 1287 3854 ,
1344 3761 1780 3834 vaticinans:
1843 3763 1898 3836 is
1940 3759 2084 3852 ipse
2129 3759 2406 3833 arboris

304 3858 751 3934 infrustuosae
798 3860 1053 3935 securis
1096 3877 1307 3947 erat;
1360 3861 1526 3932 ideo
1575 3857 1908 3934 dicebat:
1969 3865 2132 3951 Jam
2181 3861 2409 3942 securis

294 3960 389 4032 'tvi
424 3963 677 4030 radicem
704 3962 989 4030 arborum
1030 3960 1216 4052 polita
1258 3959 1355 4054 eft.
1461 3961 1946 4056 Quaecumque
1979 3960 2078 4031 lbi
2113 3962 2413 4033 arbores

306 4055 577 4134 frustus
627 4079 777 4130 non
825 4056 1201 4138 ferebant,
1252 4054 1546 4146 excisae,
1618 4059 1690 4127 in
1734 4058 1966 4151 ignem
2027 4057 2231 4130 miss‘ae
2264 4110 2287 4147 ‚
2343 4055 2413 4127 dt

310 4156 665 4249 suppliciis
700 4155 981 4230 addiaae
1020 4154 1231 4229 sunt.-
1300 4155 1519 4227 Nunc
1550 4170 1783 4229 autem
1819 4156 1949 4228 alia
1977 4169 2142 4226 orta
2181 4155 2281 4227 est
2319 4155 2420 4226 se-

317 4278 440 4356 ges
493 4256 714 4350 priori
751 4274 902 4328 non
946 4252 1267 4328 absimilis
1299 4305 1325 4344 ‚
1378 4253 1466 4325 de
1506 4273 1641 4341 qua
1687 4252 1942 4325 dictum
1989 4252 2129 4324 est:
2215 4258 2422 4323 Intro-

320 4360 547 4431 ducens
582 4406 603 4440 ‚
655 4355 879 4449 planta
920 4378 1015 4424 eos
1062 4358 1137 4424 in
1175 4368 1448 4424 montem
1490 4351 1863 4424 hereditatis
1899 4367 2021 4422 tua
2042 4402 2064 4439 ,
2120 4357 2193 4422 in
2237 4373 2424 4440 para.

424 4458 714 4550 origenis
747 4454 815 4528 ‘I
804 4476 921 4525 om.
950 4453 1087 4526 IX.
1549 4447 1597 4523 S
1619 4469 1657 4524 s
2218 4465 2383 4513 tum
