2734 4859
338 605 801 695 Proroeu-s.
957 591 960 598 ’
1061 632 1107 712 n

141 773 217 851 icut
231 767 427 862 confirmet
442 774 600 850 salvator
614 778 652 852 in
667 779 877 876 evangeliis.
903 779 1022 858 Sed&
1039 806 1109 859 οω-

165 875 324 950 virtutes
349 874 413 952 sub
441 875 515 950 hoc
539 879 688 954 nomine
714 880 883 974 appellari
911 883 1105 981 videntur,

141 977 296 1050 liciturt
324 979 414 1051 Deus
427 979 521 1074 fierit
537 982 574 1048 in
594 977 750 1072 synagoga
777 983 918 1069 deorum,
948 993 984 1053 in
1008 989 1106 1058 medio

151 1077 408 1170 devsdtjudicar.
431 1075 564 1150 Tertio
579 1097 672 1150 vero
686 1078 724 1151 in
738 1081 826 1151 loco
834 1080 906 1172 jam
928 1102 1003 1154 non
1020 1087 1104 1157 abu-

162 1174 226 1256 se'd
246 1175 441 1269 falso,'dii
464 1177 623 1273 gentium
651 1177 832 1253 doemone's
859 1173 1105 1278 appellantur,

141 1276 225 1348 licit
241 1274 440 1370 scriptura:
468 1281 583 1348 Omnes
598 1279 646 1347 dii
659 1295 804 1371 gennem
820 1281 978 1353 damonia.
1033 1283 1105 1356 lta-

141 1398 151 1447 t
166 1378 325 1469 primum
343 1377 525 1450 eharitatis
539 1395 674 1450 nomen
698 1379 734 1448 in
749 1377 835 1452 Deo
852 1378 922 1472 est,
949 1398 1103 1475 propter

146 1476 323 1567 iubemur
342 1475 489 1570 diligere
507 1475 626 1550 Deum
645 1497 690 1548 ex
713 1492 799 1549 toto
819 1478 930 1551 corde
949 1477 1102 1573 nostro,

141 1591 180 1648 ta
203 1577 322 1650 anima
335 1574 475 1669 nostra,
501 1574 595 1650 &ex
613 1576 703 1648 totis
721 1578 858 1650 viribus
872 1576 1021 1664 nostris,
1048 1595 1103 1651 ut·

149 1694 269 1771 eum,
303 1697 323 1750 e
343 1695 416 1765 quo
436 1676 607 1750 habemus
634 1676 707 1748 hoc
725 1676 859 1770 ipsum,
892 1692 935 1750 ut
955 1678 1103 1773 diligere

141 1796 214 1847 rus.
273 1772 410 1867 inipso
425 1776 496 1866 jam
521 1774 592 1849 sme
610 1774 723 1849 dubio
736 1778 981 1869 continetur,
1007 1778 1102 1849 ut&

141 1876 264 1966 itiam,
291 1877 325 1947 dt
338 1871 533 1966 iustitiam,
561 1876 595 1948 dt
614 1876 807 1968 pietatem,
828 1876 862 1947 dt
884 1877 1100 1968 veritatem,

141 1994 238 2064 aque
263 1973 418 2047 virtuter
442 1974 576 2068 pariter
603 1975 799 2070 diligamus.
858 1971 981 2048 Unur'n
1006 1978 1100 2050 enim

160 2072 262 2148 idem
289 2071 371 2168 est,
405 2073 552 2168 diligere
579 2071 725 2162 Deum,
759 2074 793 2147 dt
821 2075 969 2170 diligere
991 2074 1101 2150 bona.

141 2173 205 2246 ido
225 2173 337 2265 loe0,
352 2172 462 2265 -quafi
484 2173 634 2254 ebusrvo
654 2172 786 2248 &inde
802 2175 971 2248 derivato
986 2175 1103 2246 nomi·

143 2292 203 2344 am
222 2275 425 2364 proximum
445 2273 592 2369 diligere
607 2272 799 2364 jubemur,
826 2286 991 2365 tanquam
1017 2294 1102 2347 nos·

191 2368 361 2445 Tertium
380 2392 473 2445 vero
497 2369 576 2464 est,
605 2373 704 2462 quod
724 2371 812 2468 falso
832 2373 894 2446 sub
916 2372 1100 2446 charitatis

156 2472 382 2564 nominatur,
401 2472 546 2568 diligere
560 2474 620 2544 vel
635 2472 837 2566 pecuniam,
858 2473 917 2545 vel
934 2473 1101 2564 volupta-

141 2572 204 2642 vel
221 2589 353 2663 omne,
381 2571 550 2663 quidquid
565 2573 608 2644 ad
625 2575 867 2664 corruptelam
887 2572 1045 2663 pertinet
1066 2572 1101 2643 dt

141 2691 209 2746 em.
266 2666 358 2743 Non
378 2692 466 2762 ergo
483 2670 654 2763 interest,
690 2687 809 2745 utrum
834 2674 938 2744 amari
962 2671 1103 2742 dicatur

142 2826 154 2862 ,
186 2792 233 2842 an
250 2769 356 2866 diligi.
407 2770 490 2846 Nee
506 2784 618 2863 puto,
647 2771 746 2861 quod
769 2773 901 2864 culpari
925 2771 1048 2862 pollrt,
1076 2770 1101 2844 st

141 2873 274 2962 )eum,
301 2869 576 2963 sicutJoannes,
604 2871 836 2961 charitatem,
862 2868 1104 2961 itaipseamo·

141 2971 308 3043 rominet.
361 2968 528 3060 Denique
544 2970 710 3060 memini,
732 2973 884 3059 aliquem
902 2967 1104 3041 santlorum

141 3068 349 3165 elgnatium
367 3070 515 3142 nomine
534 3069 578 3140 de
596 3068 757 3142 Christo:
786 3076 883 3140 Meus
900 3089 1103 3139 auremamor
1190 3159 1193 3170 Ι

141 3174 207 3240 'xus
226 3169 285 3265 epi:
312 3191 380 3240 nec
397 3168 611 3259 reprehendi
626 3190 705 3241 eum
721 3188 789 3260 pro
806 3170 880 3239 hoe
896 3168 1038 3263 dignum
1048 3167 1104 3258 ju·
1167 3207 1171 3220 ·

183 3268 373 3358 Sciendum
393 3285 534 3358 autem,
561 3269 659 3358 quod
676 3268 812 3359 omnis,
840 3268 898 3357 qui
913 3268 972 3338 vel
994 3287 1103 3359 pecu·

141 3367 275 3465 diligit,
303 3369 363 3439 vel
376 3388 438 3458 ea,
466 3387 543 3458 quae
557 3367 591 3438 in
605 3368 742 3440 mundo
761 3366 840 3438 sunt
855 3367 1104 3438 materiaecor-

141 3468 239 3560 iilis,
265 3469 440 3539 virtutem
461 3468 664 3560 charitatis,
692 3488 769 3557 quae
791 3487 836 3537 ex
852 3465 936 3537 Deo
959 3465 1030 3554 est,
1059 3464 1105 3537 ad

141 3590 182 3640 ra
196 3567 230 3639 dt
246 3567 289 3639 ad
312 3566 447 3639 caduca
464 3565 636 3658 deducit,
664 3565 698 3637 &
720 3567 828 3637 rebus
851 3564 923 3636 Dei
943 3564 1103 3636 abutitur

156 3720 171 3757 ,
210 3687 288 3757 quae
304 3687 380 3738 non
399 3665 480 3737 vult
498 3665 612 3741 Deus.
675 3662 766 3737 Non
786 3663 880 3738 enim
902 3663 1002 3735 Deus
1020 3664 1106 3734 dile·

141 3788 192 3840 em
218 3765 373 3845 horum,
408 3759 591 3838 sedulum
620 3762 825 3838 hominibus
852 3762 962 3835 dedit.
1015 3759 1104 3834 Haec

141 3867 287 3958 apaulo
313 3867 421 3938 latius
443 3859 683 3955 discuffimus,
716 3864 886 3936 volentes
913 3863 957 3934 de
977 3875 1104 3934 natura

141 3967 218 4039 >atis
235 3963 269 4037 dt
293 3963 423 4038 amoris
445 3964 600 4056 apertius
615 3964 860 4054 attentiusque
876 3961 1103 4055 distinguere,

144 4079 224 4158 rte,
251 4064 422 4157 quoniam
443 4063 614 4155 scriptura
627 4062 736 4155 dicit,
762 4069 838 4159 quia
857 4068 945 4133 Deus
958 4062 1106 4129 charitat

141 4186 261 4256 impe,
290 4162 391 4256 qued
409 4161 590 4258 diligitur,
624 4163 732 4235 etiam
750 4160 773 4234 si
793 4155 1027 4254 corruptibile
1041 4155 1104 4248 sit,

141 4285 189 4337 eo
212 4259 309 4357 elie,
344 4259 378 4336 dt
402 4262 476 4336 hoc
499 4261 651 4338 charitas
674 4261 710 4333 δι
735 4260 878 4358 dileetio
904 4268 1105 4357 putaretur.

141 4369 234 4462 uenis
263 4360 354 4446 Tem·
381 4362 454 4441 lx.
674 4351 706 4434 F
986 4351 1056 4430 Sed
