2734 4859
461 619 848 705 titillent.
970 665 972 670 .
1111 643 1186 720 ess

130 775 316 866 Dominus
333 785 433 886 Juda
447 788 596 864 animam
615 785 708 880 quasi
724 786 915 863 florentem
935 783 1077 864 vineam
1093 785 1188 882 ledi,

133 909 268 986 capere
286 909 364 964 eain
387 887 540 980 volens,
577 887 784 979 &abjicere
804 905 931 980 exeo,
963 887 1137 964 commifit
1153 889 1187 964 ei

133 991 297 1086 pecunias
314 988 481 1084 loculos,
505 1000 549 1060 ut
563 986 759 1080 possidens,
786 988 884 1080 quod
901 989 1059 1079 amabat,
1084 1006 1105 1061 a
1125 1007 1188 1064 cu·

132 1089 287 1184 piditete
300 1085 459 1164 cessaret.
507 1085 578 1161 Sed
587 1088 667 1179 ille,
692 1103 824 1181 utpote
839 1089 973 1162 habens
989 1088 1040 1161 sni
1052 1087 1188 1162 arbitrii

126 1191 352 1280 libertatem,
375 1206 452 1261 non
469 1185 521 1260 est
537 1187 720 1279 amplexus
738 1187 865 1262 medici
887 1186 1103 1281 sapientiam,
1127 1186 1188 1262 sed

131 1287 278 1364 indulflt
298 1283 519 1380 semetipsum
535 1286 586 1360 illi
602 1287 712 1382 magis
737 1287 908 1378 consilio,
933 1307 1006 1378 quo
1022 1289 1189 1362 extermi-

129 1389 288 1464 nabatur
312 1386 426 1460 anima
453 1385 534 1480 sua,
568 1406 672 1477 quain
699 1405 773 1477 quo
793 1383 988 1463 sanabatur.
1038 1385 1187 1462 sivero

130 1487 211 1564 lucc
230 1487 278 1562 de
296 1483 439 1560 Christo
458 1484 655 1562 &ecclelia
672 1485 930 1584 intelligamus,
953 1482 1068 1560 sermo
1089 1486 1189 1560 virle·

127 1587 231 1662 binis
252 1586 298 1661 ad
317 1583 472 1660 ecclesie
493 1584 662 1660 doctores
682 1585 805 1680 dirigi,
839 1583 1046 1660 &mandari
1068 1585 1120 1660 eis
1142 1586 1188 1671 de

125 1686 306 1782 captione
329 1685 489 1778 vuilpium
516 1686 825 1762 exterminantium
847 1681 986 1761 vineas.
1047 1685 1189 1779 Vulpes

129 1801 254 1866 autem
262 1780 451 1880 perversos
459 1782 627 1858 dodores
635 1784 886 1859 hereticorum
897 1785 1101 1880 dogmatum
1111 1783 1190 1878 pos·

130 1885 251 1962 sumus
264 1884 479 1980 intelligere,
506 1884 566 1975 qui
582 1902 647 1976 per
657 1897 948 1982 argumentorum
961 1883 1191 1962 calliditatem

127 1983 308 2060 seducunt
321 1982 433 2058 corda
446 1983 714 2076 innocentium,
751 1981 943 2058 &vineam
962 1980 1111 2058 Domini
1132 1983 1193 2058 eii·

131 2085 342 2178 terminant,
366 2103 414 2158 ne
426 2081 605 2157 floreatin
621 2079 693 2156 fide
711 2079 819 2160 cesis.
869 2083 987 2156 Datus
1003 2101 1090 2178 ergo
1101 2103 1190 2178 pre·

87 2259 91 2268 ,
136 2197 282 2278 ceptum
299 2181 509 2258 doctoribus
522 2181 724 2275 catholicis,
748 2195 805 2274 ut,
831 2183 914 2256 dum
931 2181 1046 2256 idhuc
1059 2183 1191 2278 pusille

133 2281 216 2358 sunt
237 2281 312 2358 istc
329 2284 478 2374 vulpes,
513 2282 550 2355 dc
570 2280 732 2356 nonduin
754 2281 875 2375 plures
896 2282 1027 2356 animas
1040 2283 1194 2376 decepe-

132 2397 237 2474 runt,
264 2381 322 2457 sed
334 2381 475 2455 initium
496 2379 605 2454 habet
623 2400 736 2474 praua
754 2379 932 2474 doctrina,
958 2401 1104 2478 arguere
1123 2383 1193 2458 hos

134 2480 383 2556 &refrenare
404 2479 593 2574 festinent,
629 2480 665 2553 dc
692 2482 807 2554 verbo
829 2482 991 2554 veritatis
1014 2481 1194 2556 contradi·

133 2593 262 2655 centes
284 2582 495 2671 revincere,
521 2578 705 2674 &capere
728 2580 797 2652 lios
818 2578 1065 2654 assertionibus
1083 2583 1193 2659 veris.

131 2679 172 2754 Si
203 2681 299 2755 enim
324 2677 578 2773 permanserint
599 2679 637 2752 in
662 2677 866 2774 principiis,
905 2679 941 2752 dt
965 2679 1193 2776 indulserint,

130 2779 252 2854 sermo
278 2799 404 2852 eoruin
425 2778 513 2853 sicut
536 2796 665 2852 cancer
685 2774 814 2870 serpit,
840 2775 958 2852 &fiet
976 2777 1193 2854 insanabilis:

132 2895 177 2953 ut
204 2879 308 2953 multi
328 2878 578 2968 inveniantur,
617 2877 675 2969 qui
696 2877 837 2970 decepti
861 2877 905 2950 ab
924 2877 999 2970 eis,
1034 2897 1193 2973 pugnare

122 2981 204 3074 jam
219 2977 385 3072 pro'ipsis
401 2978 594 3069 incipiant,
622 2978 655 3048 di
676 2975 872 3050 defendere
893 2973 1042 3069 suscepti
1060 2977 1193 3052 erroris

134 3077 314 3152 sudores.
363 3075 422 3148 Sic
433 3096 520 3171 ergo
536 3075 673 3170 pusillas
690 3076 832 3170 dignum
849 3074 900 3148 est
912 3076 1040 3167 vulpes
1051 3095 1193 3170 capere,
1225 3101 1228 3106 ·

135 3177 171 3252 dt
191 3175 316 3249 dolosa
338 3176 590 3252 hereticorum
608 3172 819 3269 sophismata
837 3175 874 3246 in
895 3172 974 3269 ipsis
997 3173 1112 3249 statim
1129 3177 1197 3250 ini-

135 3278 196 3352 tiis
213 3278 311 3349 verit
326 3273 574 3348 assertionibus
595 3273 796 3347 confutare.
826 3303 830 3313 ·
849 3271 904 3346 Ut
924 3285 1042 3347 autem
1060 3276 1193 3349 uulua·

135 3395 208 3470 que
223 3372 457 3468 expositionis
471 3373 600 3446 nostrie
620 3372 826 3446 evidentior
843 3372 1010 3447 clarescat
1029 3372 1194 3470 assertio,

135 3493 398 3571 congregemus
410 3495 457 3546 ex
470 3472 608 3568 divinis
618 3472 883 3566 voluminibus,
908 3472 1017 3546 sicubi
1036 3473 1194 3550 animalis

135 3571 243 3668 hujus
266 3572 404 3647 mentio
422 3569 514 3646 fasta
529 3568 590 3645 est.
640 3569 847 3644 Invenimus
868 3591 955 3667 ergo
976 3575 1012 3645 in
1031 3571 1198 3669 sexagesi-

133 3695 202 3750 mo
217 3671 375 3749 secundo
390 3670 522 3765 psalmo
539 3670 584 3744 de
599 3671 714 3764 impiis
735 3673 784 3745 ita
803 3669 891 3742 dici:
919 3673 974 3767 lpfi
991 3695 1066 3744 veri
1084 3681 1123 3743 sn
1139 3699 1198 3748 vo

136 3797 219 3846 nem
246 3773 431 3871 qiiaefiesmt
455 3775 595 3844 animam
621 3794 738 3857 meam,
772 3770 957 3844 introibunt
980 3777 1017 3842 in
1040 3770 1199 3862 iussim

137 3889 255 3966 ema,
280 3871 454 3944 tradentur
472 3875 511 3942 iai
526 3892 639 3942 manus
652 3869 773 3964 gladii,
796 3885 904 3965 partes
926 3872 1073 3968 vulpiani
1088 3887 1198 3947 um.

138 3971 211 4048 Sed
225 3973 260 4045 dt
275 3973 313 4047 in
332 3970 522 4067 evangelio
540 3968 733 4046 secundum
746 3967 960 4046 Matthicum
979 3970 1138 4046 salvatos
1154 3973 1200 4050 orl

143 4071 309 4162 scribam,
329 4069 390 4162 qui
400 4070 544 4144 dicebat
552 4070 599 4152 ei,
606 4067 786 4167 ludowici,
795 4067 959 4168 [aquaria
972 4077 1202 4168 quociuiqmiex

140 4199 213 4263 ris,
250 4168 454 4264 responditt
491 4170 606 4269 Vulpes
619 4167 736 4261 fumos
750 4167 887 4256 bubni,
917 4170 957 4248 6
974 4168 1115 4241 volucres
1132 4172 1202 4246 cdc'

140 4273 255 4364 nidos,
287 4271 339 4341 ubi
360 4267 571 4368 requiescum
593 4269 689 4363 filius
711 4284 817 4340 cutem
840 4268 977 4342 hominis
998 4293 1064 4342 uon
1088 4270 1210 4359 babet,

141 4375 201 4449 irbi
214 4385 311 4472 sopiit
319 4371 414 4464 luit·
429 4369 569 4446 rusina.
617 4365 789 4456 similiter
805 4385 931 4454 tutem
951 4365 1228 4552 &insuffic-
