2734 4859
141 174 1172 520 .-

307 638 310 642 ψ
387 583 739 671 LIBERII.
1028 615 1099 690 125

141 737 1094 814 ——-—-·-=--÷·»

190 1011 258 1143 o
304 1001 375 1138 R
419 995 561 1168 Io
605 999 930 1145 uuus

141 1239 547 1355 JANTICUM
571 1223 1100 1352 CANTICORU'M

277 1423 473 1541 trouu
510 1456 857 1540 sncuuous.
899 1416 905 1427 ’
945 1553 949 1560 ,
1088 1519 1091 1528 .

141 1677 158 1720 a
168 1650 245 1738 sum
258 1658 298 1725 0
308 1645 449 1740 frmofir
462 1687 475 1732 ,
489 1644 574 1738 fllia
590 1644 819 1761 Hierusalem
836 1658 875 1716 us
895 1643 1099 1722 tabernacula

141 1752 240 1838 esar,
266 1764 305 1819 ur
323 1749 440 1845 pesas
438 1748 629 1818 Salomonis.
678 1741 721 1818 In
742 1690 819 1817 alirn
838 1746 1100 1861 exemplaribus
1198 1764 1200 1767 ·

141 1871 208 1922 us:
237 1852 347 1943 svigra
360 1847 432 1936 [um
451 1845 491 1924 ir
505 1841 652 1940 fumosa.
710 1841 876 1918 Rursus
865 1866 903 1918 ru
902 1847 996 1920 hoc
1020 1868 1103 1940 per·
1171 1899 1175 1909 -

141 1949 175 2046 sp
178 1947 276 2023 onsae
290 1948 472 2039 loquentis
488 1944 754 2020 introducitur.
779 1946 962 2037 loquentis
979 1961 1102 2026 autem
1209 1995 1213 2009 ·

141 2051 261 2124 dillar
281 2045 582 2138 adolescentulas,
610 2065 689 2138 quo
707 2062 790 2118 curn
804 2041 876 2137 ipsa
889 2064 1036 2120 currere
1046 2043 1103 2121 so·

154 2147 220 2224 sed
240 2148 284 2222 ad
308 2145 397 2222 filiae
419 2099 661 2260 Hierusriem,
688 2141 816 2238 quibus
832 2162 1004 2238 tanquam
1023 2145 1102 2247 his,

141 2245 599 2344 lerogaverintsoeditati
567 2267 671 2340 eJus,
697 2241 915 2360 respondere
928 2244 1103 2344 videtur,

141 2369 244 2423 :tere
274 2344 386 2420 Fusca
402 2347 546 2439 quidem
563 2346 666 2437 sum,
696 2346 756 2417 vel
777 2346 900 2440 nigra,
926 2360 1103 2438 quantum
1209 2375 1212 2381 ·

141 2452 264 2523 lorern
279 2444 430 2540 speetat,
456 2444 537 2520 filiae
551 2444 790 2521 Hierusalem.
816 2443 974 2520 formosa
991 2467 1103 2542 vero,

141 2572 164 2622 ‚s
199 2550 343 2621 interna
375 2550 619 2622 membrorum
651 2546 867 2619 lineamenta
899 2544 1102 2641 perspiciat.

156 2650 195 2722 u
217 2647 470 2737 tabernacula,
502 2646 640 2738 inquit,
668 2643 812 2738 Cedat,
845 2667 923 2738 quae
946 2647 996 2720 est
1016 2666 1106 2743 gens

141 2772 183 2842 a,
211 2744 421 2843 nigrarunt,
450 2743 1107 2843 &ipsagensCedarnigredovelob-

141 2871 186 2923 as
203 2849 472 2940 interpretatur.
525 2844 594 2919 Sed
609 2843 769 2938 &pelles
782 2845 985 2921 Salomonis
996 2847 1113 2942 nigrae·

167 2969 242 3021 nec
259 2960 377 3020 tamen
395 2947 444 3020 ob
461 2946 535 3019 hoc
552 2959 656 3019 tanto
664 2946 744 3042 regi
757 2947 794 3018 in
808 2946 906 3018 omni
917 2945 1034 3041 gloria
1045 2942 1106 3020 sua

141 3071 186 3122 nn
210 3047 286 3119 visa
310 3045 359 3118 est
380 3046 551 3119 indecora
567 3045 732 3142 nigredo.
780 3044 873 3119 Non
896 3064 983 3143 ergo
998 3044 1108 3141 mihi,

141 3146 423 3239 eHierusalem‚
450 3145 677 3239 exprobretis
690 3146 829 3238 culpam
844 3146 1001 3237 coloris,
1024 3165 1110 3223 cum

141 3249 326 3338 naturalis,
352 3245 426 3318 srve
439 3247 616 3320 exercitio
633 3244 774 3335 quaesna
790 3246 938 3338 corpori
952 3246 1109 3338 pulchri·

143 3369 225 3421 non
241 3346 337 3418 desit.
389 3346 478 3420 Haec
495 3346 662 3418 continet
678 3341 885 3419 historicum
905 3346 1046 3438 drama,
1073 3343 1110 3420 lt

141 3449 238 3521 nfitae
253 3445 379 3518 fabulae
391 3443 537 3539 species.
587 3444 658 3517 Sed
676 3444 862 3517 redeamus
883 3446 926 3517 ad
944 3444 1112 3525 ordinern

141 3567 247 3621 cum.
292 3544 535 3638 Haecsponsa,
561 3543 834 3638 proloquitur,
862 3543 1111 3636 ecclefiaeper·

141 3672 163 3723 n
179 3659 286 3720 tenet
304 3666 348 3716 ex
362 3646 527 3761 gentibus
542 3656 782 3740 congregatae.
806 3641 904 3716 Filiae
915 3665 1007 3719 vero
1018 3644 1111 3719 Hie·

141 3770 213 3841 ern,
240 3746 284 3817 ad
297 3766 381 3837 quas
396 3769 427 3817 er
419 3743 556 3819 sermo
576 3744 650 3836 est,
678 3746 745 3815 rllae
760 3740 840 3816 sunt
859 3765 1005 3835 anrmae
1032 3764 1112 3836 quae

142 3866 199 3921 ter
218 3845 430 3919 elesiionem
445 3859 586 3941 patrum
604 3843 803 3917 charislrmae
824 3844 966 3936 quidem
988 3844 1113 3916 dicun·

154 3949 307 4021 inimicae
329 3959 447 4018 autern
469 3960 620 4061 propter
642 3946 881 4041 evangelium.
932 3943 1009 4017 lstae
1033 3942 1113 4017 sunt

142 4032 365 4123 Hierusalem
385 4046 543 4119 civitatis
561 4060 737 4134 terrenae,
772 4065 849 4135 quae
873 4045 1037 4118 videntes
1054 4065 1114 4115 ec·

141 4171 187 4224 rm
199 4171 244 4223 ex
256 4147 446 4243 genubus
465 4147 627 4234 quamvis
645 4163 713 4237 pro
725 4164 771 4215 eo
784 4145 994 4239 ignobrlem
1014 4143 1115 4235 quod

141 4249 321 4326 rofitatem
343 4245 408 4346 fibr
422 4243 625 4340 Abraham,
653 4239 823 4339 ullane,
850 4244 1016 4341 &Jacob
1035 4262 1117 4321 non

885 4395 890 4412 ·
961 4343 1073 4452 posin
