2734 4859
445 495 460 520 ..
532 503 535 508 .

174 655 244 710 {ot
297 627 535 710 ourunurs
558 617 624 712 uu·
641 617 918 712 caurrcm'u
941 583 1147 711 cnunc}

171 808 369 888 uirentem,
395 795 508 891 ipsum
525 797 667 872 uideam
682 795 890 873 docentem.
942 793 1030 871 Haec'
1047 795 1141 872 enim
1159 781 1295 882 sung-{alr

177 895 307 984 Christi
321 895 462 989 oscula,
488 919 564 989 qua
576 899 742 992 porrexit
756 896 940 990 Ecclesiae,
967 895 1295 992 cuminaduaou?

177 1011 220 1071 tu
235 995 298 1069 suo
317 994 390 1088 ipse
407 994 564 1072 Christus
586 1001 621 1072 in
645 1019 752 1072 carne
769 997 904 1091 posrtua
920 996 1190 1096 evangelizavit
1207 991 1295 1090 ἀζϊ-ἶι

177 1100 294 1168 verba
318 1095 402 1169 fidei
428 1097 462 1169 δι
488 1098 669 1172 charitatis
702 1098 736 1171 bt
766 1098 893 1190 pacis,
924 1094 1118 1170 secundum
1142 1091 1295 1186 quauta·

81 1209 85 1216 '
178 1194 307 1272 Esaiae
317 1193 557 1291 promiserat,
584 1195 822 1290 &praemilsua
845 1197 888 1271 ad
907 1192 1068 1292 sponsam
1085 1195 1250 1274 dixerut
1259 1207 1295 1260 ‘2'

180 1291 272 1370 Non
288 1296 447 1393 legatus,
470 1317 589 1390 neque·
605 1299 771 1395 angelus,
797 1292 856 1371 sed
878 1301 938 1392 ipse
959 1300 1117 1381 Dominus
1135 1291 1295 1402 salui-J

183 1397 233 1466 lit
246 1421 314 1476 nos.
365 1394 499 1470 Tertio
511 1419 602 1472 vero
619 1398 854 1492 expositionis
871 1398 958 1470 loco
973 1395 1248 1470 introducamus
1270 1395 1295 1462 a

183 1497 367 1586 animam*
382 1498 482 1590 cujus
499 1519 610 1572 omne
622 1498 772 1571 studium
795 1496 854 1590 iit,
881 1497 1051 1593 conjungi
1069 1490 1253 1570 &consor
1268 1497 1295 1564 ³:

185 1595 270 1666 ciari
294 1596 410 1668 uerbo
433 1599 533 1689 Dei,
561 1597 594 1671 u
615 1601 709 1670 intra
728 1593 893 1690 mysteria¹
913 1591 1090 1691 sapientiae
1109 1593 1187 1688 ejua
1206 1592 1295 1694 api·

126 1705 130 1726 ¹
185 1691 341 1768 scientie
364 1699 469 1770 velut
490 1695 606 1791 sponsa
628 1696 778 1771 coelestis
797 1697 972 1770 thalamos
991 1697 1150 1788 intrare,
1176 1693 1291 1782 'turbu

186 1813 257 1882 que
280 1796 403 1867 animae
424 1796 607 1891 presentia
626 1800 733 1872 etiam
752 1796 855 1894 ipsius
873 1813 1021 1872 munera
1040 1794 1123 1868 data
1144 1792 1251 1894 ίίιίιῑ,τ
1265 1799 1295 1884 'ju

186 1893 284 1965 dotis
304 1892 438 1968 scilicet
452 1901 610 1973 nomine.
671 1895 773 1971 Sicut
796 1898 890 1970 eninr
913 1895 1070 1969 ecclesrae
1088 1894 1158 1966 doa
1181 1893 1255 1970 sust
1273 1901 1295 1970 a:

98 2063 102 2072 ,
188 1993 276 2088 legia
296 1994 329 2065 ἃ
346 1998 604 2087 prophetarum
626 1999 832 2088 volumina,
857 1995 907 2070 ita
930 1989 1015 2070 huic
1037 1995 1096 2068 lex
1114 1993 1256 2076 natur!

189 2091 223 2164 bt
239 2094 424 2166 rationalis
440 2094 554 2169 sensus
575 2118 617 2170 ac
634 2098 781 2184 libertae
800 2093 935 2170 arbitrii
957 2092 1091 2168 dotalia
1105 2097 1257 2172 munem
1280 2099 1295 2173 ἱ·

189 2192 419 2283 deputentur.
471 2195 618 2270 Habens
641 2211 761 2270 autem
784 2193 978 2269 haecuotu
996 2191 1063 2267 suae
1080 2191 1256 2294 munera}
1279 2219 1292 2272 'r

189 2289 232 2364 srt
248 2295 278 2363 ei
294 2293 416 2383 primae
430 2297 643 2370 eruditionis
659 2295 820 2369 doiirina
834 2315 854 2368 a
870 2293 1112 2370 monitoribus
1129 2289 1257 2367 ἀοᾶο·

189 2394 361 2482 ribusque
386 2392 617 2471 descendeus.
675 2394 745 2469 Sed
770 2395 939 2487 quoniam
960 2395 998 2467 in
1024 2389 1079 2466 his
1103 2389 1258 2468 nonest
1285 2425 1295 2474 ε

191 2491 223 2562 ei
248 2493 351 2582 plena
376 2509 482 2584 atque
503 2492 661 2591 perfetta
680 2496 838 2569 <teuderii
863 2492 911 2566 sui
927 2496 962 2568 bt
982 2494 1112 2566 amoris
1137 2495 1260 2586 exple·
1290 2563 1292 2568 ,

192 2591 267 2674 tio,
285 2590 521 2684 deprecetur,
539 2613 579 2668 ut
594 2619 694 2670 mens
708 2598 784 2688 ejus
795 2615 884 2688 pura
903 2593 1134 2689 &virginalis
1151 2593 1259 2686 ipsrua
1288 2624 1295 2674 2

111 2709 114 2716 ’
191 2693 296 2762 verbi
322 2691 391 2764 Dei
411 2695 750 2784 illuminationibus,
778 2694 1089 2780 &visrtationibus
1110 2693 1260 2767 illustro·
1291 2729 1295 2772 :

193 2803 263 2864 tur.
318 2789 408 2865 Cum
423 2797 515 2868 enim
530 2797 631 2869 nullo
650 2797 827 2888 hominis,
854 2797 914 2868 vel
931 2795 1044 2890 angeli
1059 2792 1259 2868 ministerio
1290 2861 1295 2870 .

193 2891 325 2963 divinia
350 2891 554 2967 sensibus&
575 2896 932 2970 intelleiiibusmens
956 2895 1144 2987 impletur,
1168 2907 1261 2968 tune
1292 2959 1295 2969 ,

194 2990 300 3086 ipsius
316 2992 436 3066 oscula
454 2996 557 3068 verbi
572 2995 643 3068 Dei
657 2995 828 3090 suscipere
841 2990 911 3068 sese
924 2996 1058 3068 credat
1101 2991 1260 3087 Propter
1294 3035 1295 3048 r

192 3092 270 3165 haec
288 3113 376 3190 ergo
395 3081 429 3166 b
446 3093 650 3187 hujusmodi
672 3089 794 3170 oscula
814 3094 910 3170 dicat
930 3095 1064 3180 anima,
1089 3113 1198 3166 orana
1215 3091 1262 3168 ad

193 3192 335 3267 Deum!
364 3199 529 3281 Osculmur¹
548 3221 596 3265 me
613 3199 650 3267 ab
667 3198 766 3284 osculo
784 3204 849 3267 oris
867 3197 928 3279 sati.
982 3193 1079 3267 Dum
1094 3194 1190 3265 enim
1209 3195 1263 3266 in·

196 3290 309 3383 capax
327 3292 426 3379 fuit,
449 3307 491 3366 ut
513 3294 617 3388 ipsius
639 3297 743 3368 uerbi
768 3293 837 3368 Dei
860 3307 1007 3389 caperet
1025 3313 1159 3368 meram
1180 3289 1264 3365 soli·

195 3394 347 3483 damque
365 3391 582 3486 dostrinam,
609 3396 799 3468 necessaria
816 3391 966 3485 suscepit
978 3391 1119 3485 oscula,
1145 3389 1263 3485 idest,

195 3492 313 3586 sensus
333 3494 376 3564 ab
396 3513 462 3566 ore
481 3493 694 3569 doctorum:
720 3494 781 3574 ubi
803 3515 896 3567 vero
914 3494 1042 3590 sponte
1055 3493 1125 3585 jam
1146 3513 1265 3584 coepe·

196 3593 246 3666 rit
264 3593 416 3666 obscura
430 3613 600 3684 cernere,
626 3595 784 3668 enodare
797 3595 989 3688 perplexa,
1015 3595 1184 3664 involuta
1201 3587 1267 3664 dis·

197 3691 361 3776 solvere,
387 3694 574 3784 parabolas
598 3694 857 3794 bagaenigmuta⁹
884 3691 1045 3785 dibaque
1067 3690 1266 3783 sapientum

199 3793 491 3884 competentibus
517 3794 761 3890 intelligentia
795 3793 896 3867 lineis
921 3792 1132 3886 explicare,
1174 3805 1265 3863 tunc

196 3893 267 3987 jam
290 3890 411 3964 oscula
430 3892 534 3983 ipsrus
553 3892 667 3985 sponsi
687 3894 758 3986 sui,
784 3891 919 3986 id'est,
944 3893 1049 3964 verbi
1070 3891 1137 3963 Dei
1157 3887 1269 3964 susce·

196 3990 283 4089 pilie
297 3990 331 4064 se
347 3990 482 4066 credat.
534 3991 623 4065 ldeo
646 4006 765 4069 autem
785 3988 906 4065 oscula
920 3992 1104 4085 pluraliter
1121 3991 1266 4085 posuit,

197 4108 240 4164 ut
269 4092 534 4185 intelligamus,
576 4094 856 4187 uniuscuiusque
896 4090 1037 4165 obscuri
1075 4087 1193 4162 sensus
1228 4089 1271 4160 il·

197 4193 469 4266 luminationem
495 4186 654 4265 osculum
688 4191 758 4265 esse
791 4192 893 4264 uerbi
922 4190 1010 4279 Dei,
1043 4189 1086 4263 ad
1115 4189 1267 4262 animam

127 4371 184 4439 h
192 4289 390 4412 90er
405 4290 573 4368 delatum.
625 4287 676 4372 Et
696 4292 890 4372 secundum
908 4289 983 4368 hoc-
1003 4290 1103 4367 sorte
1123 4290 1270 4463 difiebat

186 4429 212 4438 -·
247 4451 253 4464 .
1057 4407 1152 4486 prop
1182 4410 1217 4464 e·
