2734 4859
830 651 1580 747 HOMI'LIA
1669 663 1894 750 XXI.
2276 693 2418 776 737

170 905 177 916 ,
224 829 645 932 Ξηᾱὶςεαῐ,
698 832 818 928 qui
848 828 1161 910 sanatura
1212 841 1528 914 attamen
1541 849 1704 910 non
1733 829 1882 928 ipse
1907 831 2224 910 medicus
2257 825 2424 930 per-

169 1007 177 1020 ,
238 923 409 1036 εἰτ’
445 931 529 1006 ad
580 952 866 1027 curam,
916 929 1037 1006 sed
1088 929 1355 1029 eligens
1415 952 1638 1009 unum
1687 953 1782 1008 ex
1829 929 2242 1029 discipulis,
2295 937 2420 1051 qui

248 1054 543 1110 curare
578 1033 857 1116 valeat,
910 1052 1006 1106 eo
1044 1033 1271 1104 utitur
1296 1029 1643 1107 ministro,
1743 1033 2061 1132 Quando
2095 1055 2279 1108 vero
2310 1056 2419 1112 m-

180 1139 197 1200 '.
242 1131 630 1208 sanabiles
680 1133 901 1232 plagae
954 1129 1157 1224 sunt,
1207 1143 1290 1203 ut
1337 1129 1408 1205 δι
1455 1143 1790 1206 emortua
1835 1151 2050 1210 carne
2095 1135 2415 1228 putredo

169 1211 203 1276 Ψ·
248 1231 797 1321 contabuerit,
849 1229 918 1306 δι
950 1232 1024 1304 in
1059 1243 1335 1306 tantum
1368 1232 1550 1304 mala
1585 1230 1928 1306 valetudo
1957 1231 2100 1326 est,
2125 1250 2235 1310 ,ut
2258 1254 2422 1310 nou

172 1311 211 1422 Ξ
244 1323 476 1408 feriri
515 1333 635 1406 vel
669 1328 1031 1427 discipuli,
1083 1331 1202 1423 qui
1238 1329 1384 1422 J‘am
1419 1350 1650 1424 prope
1688 1351 1856 1406 eum
1887 1351 2018 1428 per
2049 1330 2418 1410 scientiam

169 1447 211 1524 ζ
250 1432 464 1508 artis
515 1429 793 1504 acceffit
820 1483 848 1526 ,
928 1426 1047 1504 sed
1090 1427 1299 1526 ipfius
1349 1427 1654 1525 magistri
1693 1434 2016 1504 manibus
2053 1432 2416 1530 indigeat,

170 1551 215 1624 ..-
248 1545 469 1606 tunc
506 1527 652 1622 ipse
696 1548 987 1628 magnus
1022 1528 1338 1611 medicus
1389 1527 1804 1620 praecinclus
1852 1531 2140 1605 lumbos
2190 1532 2277 1605 ad
2315 1529 2419 1607 se·

256 1629 606 1706 &ionem
645 1627 991 1706 teterrimi
1020 1627 1340 1704 vulneris
1377 1631 1810 1704 concitatur.
1911 1627 2248 1704 Similiter
2287 1631 2419 1708 ita·

169 1715 215 1764 Ξ
254 1750 482 1822 que,
549 1726 835 1822 quando
904 1723 1405 1808 sunt-minora
1467 1743 1818 1823 peccata,
1889 1749 2043 1804 non
2103 1729 2420 1806 restituit

170 1818 205 1867 ²
250 1823 495 1904 Deus
564 1824 709 1922 ipse
773 1825 1238 1922 peccantibus
1272 1879 1299 1920 ,
1374 1822 1493 1902 sed
1555 1829 1707 1902 aliis
1761 1827 1993 1902 utitur
2041 1827 2416 1906 ministris.

169 1917 205 1966 ²²
250 1925 607 2026 Quando
646 1946 829 2000 vero
866 1946 992 2022 per
1022 1925 1275 2002 merita
1304 1921 1422 2000 sua
1451 1928 1699 2024 ingens
1733 1926 2096 2002 hominem
2137 1930 2419 2024 aegritu-

188 2103 193 2112 ,
252 2029 391 2102 <lo
432 2026 1027 2120 comprehendit,
1078 2041 1160 2110 ut
1199 2045 1393 2098 nunc
1426 2025 1924 2120 Babylonem5
1979 2047 2132 2121 quae
2180 2029 2420 2126 gravi·

169 2127 209 2208 ².
254 2123 427 2204 bus
522 2125 785 2219 ropriae
824 2124 1107 2200 malitiae
1138 2121 1241 2198 est
1277 2123 1574 2199 confusa
1598 2127 2060 2220 vulneribus,
2113 2140 2291 2200 tunc
2324 2127 2420 2204 ad

169 2219 461 2310 ,fxetri
513 2225 840 2299 utionem
900 2223 1105 2300 Deus
1168 2222 1314 2318 ipse
1375 2223 1677 2310 festinat.
1778 2223 2046 2300 Similia
2099 2227 2422 2318 quaedam

169 2323 221 2370 ²⁸²·
258 2326 457 2403 huic
502 2323 552 2398 sr
612 2323 911 2416 requiris
944 2377 970 2420 ‚
1020 2323 1349 2397 invenies
1396 2323 1459 2397 ὅ(
1512 2325 1601 2398 de
1651 2323 2036 2421 Jerusalem
2071 2379 2096 2417 ‚
2151 2347 2305 2417 quae
2347 2327 2420 2400 ei

170 2421 219 2472 ⁴⁵
260 2423 712 2502 acciderunt
764 2420 927 2516 post
969 2422 1411 2518 prophetas,
1475 2425 1574 2498 ob
1609 2424 1729 2516 id,
1784 2426 1948 2518 quia
1983 2419 2423 2504 inlidiata‘fit
2543 2431 2566 2458 ⁸

169 2522 221 2642 ῑῗ
264 2519 600 2602 Christo.
698 2520 819 2598 Sic
860 2519 1063 2596 finita
1090 2519 1193 2597 est
1224 2523 1434 2620 primi
1468 2523 1760 2619 capituli
1794 2525 2265 2602 continentia.

442 2743 512 2814 7.
562 2722 957 2801 Videamus
1008 2721 1077 2797 dt
1112 2736 1426 2800 caetera:
1498 2725 1686 2796 calix
1734 2749 1965 2800 aurens
2012 2723 2298 2820 Babylon
2343 2727 2422 2800 in

169 2827 211 2872 ''-
276 2847 489 2900 manu
544 2827 672 2897 Der·
720 2825 1048 2894 imbriam
1089 2849 1328 2896 omnem
1359 2840 1619 2897 terram.
1725 2829 1829 2898 De
1871 2831 2031 2897 vim
2075 2819 2212 2926 ejus
2255 2824 2423 2898 bibe-

194 2917 219 2980 ’ἶ
274 2938 457 3001 runt
490 2937 731 3018 gentes.
839 2923 1100 3018 Propter
1140 2923 1255 2996 hoc
1298 2940 1602 2996 commota
1633 2923 1797 3009 sunt
1841 2938 2057 3018 gentes
2091 2923 2172 3003 δ’
2219 2921 2423 3007 subito

169 3027 223 3081 Ξ
274 3022 516 3099 cecidit
552 3021 879 3115 Babylon,
931 3025 1008 3098 U
1040 3026 1318 3094 contrita
1360 3021 1464 3120 esi.
1564 3021 2257 3100 Nabuchodonosor
2281 3042 2426 3097 vo-

169 3131 225 3182 Ξ
278 3125 451 3200 lens
498 3119 833 3218 decipere
879 3119 1208 3196 homines
1254 3141 1389 3215 per
1439 3121 1733 3198 calicem
1769 3121 2163 3216 Babylonis
2213 3121 2428 3196 dolo·

184 3235 227 3303 {²
284 3221 445 3300 sum
474 3275 502 3317 ,
573 3239 725 3296 non
762 3217 1041 3296 miscuit
1072 3220 1149 3294 in
1189 3217 1352 3294 vase
1395 3215 1588 3294 fictili
1618 3275 1644 3315 ,
1698 3221 1899 3314 quod
1945 3221 2240 3316 parabat
2289 3242 2429 3318 po-

170 3333 209 3382 ?-
289 3322 470 3411 tari,
519 3316 638 3395 sed
666 3340 903 3412 neque
940 3319 1015 3394 in
1056 3322 1275 3416 paulo
1307 3319 1658 3412 meliore,
1701 3320 1771 3395 δι
1803 3339 1993 3396 aereo
2036 3319 2244 3416 vase,
2295 3321 2433 3407 vel

169 3433 233 3484 ῖς
284 3421 638 3513 stanneo,
688 3419 758 3494 δι
796 3417 995 3512 quod
1024 3416 1152 3494 ista
1184 3419 1532 3512 praecellit
1577 3433 1963 3518 argenteo:
2020 3440 2272 3496 verum
2301 3421 2430 3496 eli·

169 3533 237 3584 2³
286 3543 470 3624 gens
515 3540 643 3593 vas
684 3539 973 3596 aureum
1000 3569 1029 3614 ‚
1092 3519 1167 3592 in
1212 3538 1325 3594 eo.
1360 3521 1705 3612 poculum
1775 3519 2212 3616 temperavit
2238 3572 2266 3615 ‚
2337 3533 2428 3594 ut

175 3631 235 3684 3
294 3624 455 3717 quis
522 3618 780 3694 videns
846 3617 1187 3694 decorem
1252 3617 1453 3699 auri,
1523 3617 1690 3694 dum
1752 3618 2090 3696 radiantis
2151 3617 2427 3696 metalli

172 3737 213 3782 ²:
286 3717 830 3831 pulchritudine
864 3716 1301 3810 delectatur,
1356 3717 1645 3791 &totus
1674 3720 1904 3794 oculis
1925 3719 2148 3794 haeret
2176 3719 2251 3795 in
2273 3717 2428 3812 spe-

294 3824 411 3897 cie
440 3876 465 3916 ‚
515 3841 668 3895 non
708 3817 1111 3892 consideret
1143 3815 1309 3910 quid
1338 3817 1757 3891 intrinsecus
1801 3819 2080 3912 latitet,
2132 3816 2200 3891 ἀ
2239 3817 2427 3893 acci·

169 3939 229 3988 ε
348 3925 501 3997 iens
545 3915 839 3994 calicem
884 3917 1085 3991 bibat
1118 3913 1438 3992 nesciens
1485 3917 1784 3992 calicem
1814 3915 2426 3996 Nabuchodono-

169 4037 191 4082 -·
331 4041 459 4114 or,
491 4019 893 4116 intelligens
919 4030 1155 4092 autem
1185 4016 1478 4090 calicem
1513 4036 1802 4090 aureum
1825 4017 1902 4090 in
1937 4013 2262 4113 praesenti
2291 4035 2429 4092 no·

294 4124 662 4202 minatum.
759 4116 900 4191 Sed
944 4115 1464 4192 animadvertas
1509 4115 1960 4209 peffimorum
2008 4116 2432 4212 dogmatum

291 4221 527 4298 verba
556 4216 929 4328 mortifera
952 4218 1228 4310 qualem
1256 4216 1567 4295 habeant
1598 4216 2224 4318 compontionem‚
2258 4233 2430 4307 qua-

260 4343 273 4352 ·
399 4321 693 4418 origenis
749 4315 925 4397 Tam
984 4317 1122 4396 IX.
1472 4311 1543 4391 A
1566 4335 1676 4394 aa
2183 4315 2333 4396 lem
