2734 4859
346 571 801 655 rnonocus
1061 603 1110 689 ῃ

131 759 160 814 m
183 749 251 811 aut
269 737 491 813 adulteram:
526 737 629 814 ita&
652 742 819 815 interiori
841 740 1006 835 hominl,
1033 743 1110 818 hoc

134 842 269 914 animae
291 840 455 913 accidere
471 839 592 932 potest
615 863 716 914 amor
729 885 754 936 ,·
768 862 844 914 non
859 845 895 915 in
909 845 1107 938 legitimum

131 939 223 1030 iim,
240 961 348 1030 quem
359 939 511 1012 diximus
529 939 597 1012 elle
610 944 764 1016 verbum
775 943 865 1035 Dei,
884 941 943 1015 sed
959 945 995 1015 in
1011 945 1106 1018 adul·

131 1063 144 1114 ι
161 1039 326 1130 aliquem
341 1039 375 1112 dc
390 1037 655 1132 cor-'ruptorem
696 1043 808 1141 Quod
827 1043 887 1114 sub
901 1045 967 1114 hac
980 1043 1105 1120 eadem

131 1163 140 1214 ι
179 1139 377 1212 evidenter
410 1139 567 1212 declarat
598 1137 769 1213 Ezechiel
800 1143 1008 1236 propheta,
1043 1144 1109 1216 ubl·

131 1261 182 1314 rm
205 1241 244 1310 dc
264 1237 436 1312 Oolibam
458 1239 657 1310 introducit
673 1238 735 1312 sub
757 1238 873 1332 specie
889 1239 1104 1315 Samariae&

131 1339 283 1431 rsalem,
311 1339 514 1412 adulterino
527 1358 651 1412 amore
664 1354 878 1432 comptas,
898 1341 986 1414 sicut
999 1344 1105 1414 locus

131 1439 310 1532 'criptura
327 1439 547 1532 prophetice
567 1437 725 1512 ostendit
740 1440 949 1512 volentibus
963 1440 1104 1533 plenius

184 1535 527 1612 Exardescitautem
543 1541 649 1611 etiam
663 1539 721 1612 hic
736 1535 897 1632 spiritalis
916 1560 1016 1612 amor
1033 1542 1107 1613 ani·

131 1637 319 1731 liquando
338 1638 507 1731 quidem,
532 1653 575 1710 ut
598 1639 838 1730 edocuimus,
865 1659 947 1733 erga
965 1641 1104 1728 aliquos

131 1761 173 1812 us
195 1735 414 1831 nequitie,
427 1737 618 1830 aliquando
635 1756 718 1834 erga
739 1737 907 1832 Spiritum
928 1737 1104 1834 sanctum,

131 1839 257 1912 erbum
282 1837 380 1930 Dei',
408 1841 467 1929 qui
492 1835 543 1910 est
563 1835 710 1929 sponsus
732 1835 873 1929 fidelis,
901 1837 1104 1910 &erudita

131 1961 156 2011 e
179 1939 243 2009 vir
261 1938 411 2031 dicitur,
439 1937 473 2010 dc
491 1938 591 2029 cujus
606 1934 677 2029 ipsa
695 1934 821 2031 sponsa
841 1939 878 2008 in
899 1937 967 2010 hac
982 1939 1105 2029 praeci·

131 2039 325 2130 criptura,
351 2057 428 2128 quae
445 2038 598 2110 habetur
613 2038 651 2110 in
665 2039 849 2129 manibus,-
875 2037 1105 2132 nominatur,

131 2191 141 2230 ,
170 2135 366 2230 praestante
378 2137 562 2232 Domino,
588 2137 727 2229 plenius
745 2135 996 2228 ostendemus,
1023 2157 1105 2212 cum

131 2236 284 2333 aipsrus
313 2237 422 2310 libelli
446 2240 636 2332 explanare
663 2239 886 2332 coeperinus.
946 2236 1104 2326 Videtur

131 2361 153 2410 n
170 2337 264 2410 mihi
280 2336 401 2410 divina
417 2336 589 2432 scriptura
604 2339 736 2411 volens
750 2358 900 2429 cavere,
926 2357 974 2409 ne
989 2336 1104 2432 lapsus
1154 2343 1157 2348 ⁴

131 2441 161 2510 is
177 2437 383 2532 legentibus
398 2436 461 2510 sub
476 2439 607 2512 amoris
624 2438 772 2511 nomine
787 2435 1007 2530 nasceretur,
1035 2457 1104 2532 pro

131 2539 301 2610 nioribus
319 2537 517 2630 quibusque
532 2557 639 2630 eum,
666 2539 726 2628 qui
746 2539 836 2629 apud
853 2537 1026 2628 sapientes
1048 2536 1107 2610 sae·

131 2637 292 2730 cupido,
319 2634 377 2710 seu
394 2658 495 2710 amor
514 2638 668 2730 dicitur,
697 2637 896 2710 honestiori
920 2640 1105 2712 vocabulo

131 2743 259 2809 itatem
281 2738 342 2808 vel
367 2736 592 2810 diledlioncm
625 2736 832 2810 nominalse.
892 2737 1008 2808 Verbi
1031 2757 1108 2833 gra·

135 2853 182 2908 ut
198 2857 280 2908 cum
298 2836 388 2909 dixit
403 2836 447 2909 de
461 2837 577 2910 lsaac:
601 2838 649 2908 Er
663 2843 780 2931 accepit
796 2839 975 2923 Rebeccam,
1000 2837 1038 2912 (b
1048 2839 1107 2929 fa-

131 2939 196 3008 lei
217 2961 317 3022 uxor,
342 2941 381 3011 U
397 2939 511 3006 dilexit
531 2963 606 3007 eam.
659 2933 708 3006 Et
725 2937 855 3008 iterum
878 2935 923 3006 de
939 2937 1106 3030 Jacob&

131 3040 180 3110 rel
203 3036 360 3110 similiter
381 3036 468 3108 dicit
488 3036 679 3130 scriptura:
707 3038 828 3108 Rachel
847 3054 950 3106 autam
970 3055 1040 3106 erar
1057 3042 1107 3109 dc-

131 3136 243 3214 rculr's,
270 3135 308 3210 θ’
321 3137 457 3231 pulchra
468 3137 574 3227 facie,
600 3136 638 3210 (5
653 3137 768 3207 dilexit
789 3137 890 3232 Jacob
912 3138 1045 3215 Rachel,
1068 3135 1107 3216 (Ἰ

134 3265 145 3306 r
185 3239 335 3306 Servium
353 3237 414 3307 n'ba·
423 3237 537 3332 septem
560 3243 658 3306 annis
676 3258 734 3332 pm
757 3237 873 3307 Rachel
883 3237 960 3325 filio
980 3255 1036 3306 rua
1053 3244 1109 3334 ju·

134 3393 143 3409 .
207 3331 421 3408 Evidentius
450 3349 567 3408 autem
590 3339 797 3410 immutatus
825 3334 905 3407 usus
934 3338 1107 3411 vocabuli

131 3461 147 3510 s
162 3450 314 3530 apparet
327 3436 363 3507 in
377 3435 547 3516 Amnon,
575 3439 633 3528 qui
652 3435 830 3510 adamavit
843 3433 1002 3508 sororem
1015 3437 1109 3513 suam

131 3555 217 3612 mar.
269 3535 447 3629 Scriptum
469 3535 519 3607 est
536 3539 650 3608 enim:
687 3537 735 3606 Et
748 3535 877 3626 fatiam
897 3535 935 3630 ‘fl
948 3537 1009 3631 pall
1027 3539 1107 3627 hac,

131 3655 176 3708 ut
198 3635 334 3721 Absaalon
346 3636 421 3724 filio
446 3638 559 3706 David
579 3637 669 3724 firmr
689 3639 793 3706 decora
814 3634 899 3722 facie
923 3637 1033 3722 valde,
1067 3640 1111 3723 θ’

131 3765 161 3808 m
189 3741 217 3805 ei
249 3729 410 3818 Utamur,
443 3733 481 3810 θ
497 3737 611 3806 dilexit
630 3759 696 3804 eam
723 3738 853 3807 Amnon
866 3735 962 3824 filius
984 3741 1109 3812 David.

131 3840 209 3927 xit,
236 3833 355 3927 posuit
369 3852 459 3928 pro,
487 3834 674 3907 adamavit.
729 3836 777 3905 Er
800 3835 1032 3921 tribulabatur,
1057 3840 1111 3910 in·

132 3992 145 4032 ,
174 3940 325 4021 Amnon,
355 3942 431 4022 ito,
458 3951 495 4006 ut
511 3938 734 4026 infirmaretur
749 3951 877 4030 propter
904 3925 1049 4006 Thamar
1059 3938 1111 4027 so·

131 4063 148 4107 n
163 4037 273 4126 suom:
300 4041 450 4134 quoniam
469 4039 561 4128 virgo
582 4051 678 4120 erut,
705 4039 743 4109 U
763 4059 858 4127 grave
881 4035 1052 4105 videbatur
1074 4042 1112 4106 in

131 4165 139 4202 c
158 4141 309 4216 Amnon,
327 4135 478 4228 sacmeel
496 4136 628 4231 aliquid.
681 4131 729 4205 Et
747 4133 828 4226 post
846 4155 959 4226 pauca
973 4134 1016 4206 de
1032 4135 1112 4207 vio·

131 4239 185 4332 ia,
211 4257 315 4331 quam
332 4235 458 4312 intulit
474 4232 624 4314 Amnon
642 4233 800 4310 Thamar
822 4233 937 4308 sorori
956 4232 1041 4406 suge,
1061 4236 1115 4310 ita

998 4349 1061 4407 rcrt
