2734 4859
457 589 943 670 'HOMILIAL
1159 625 1217 702 37

83 781 85 822 :
138 747 301 830 obrem
331 749 547 852 diligenter,
572 775 652 850 quae
675 755 721 829 de
741 755 876 830 duabus
901 754 1005 850 super
1023 771 1133 854 crput
1154 761 1208 838 ef·

136 851 262 928 fuderit
283 851 505 928 salvatoris:
539 855 707 948 siquidem
736 856 920 951 peccatrix
946 857 1050 951 super
1072 862 1203 954 pedes,

137 951 244 1046 det,
270 975 358 1046 quae
379 953 511 1038 dicitur
525 975 603 1030 non
619 953 721 1032 iuiile
738 958 945 1051 peccatrix,
970 956 1074 1051 super
1093 977 1204 1055 caput

138 1053 204 1144 einr
215 1051 354 1128 fudiffe
369 1055 596 1128 monstratur.
640 1053 833 1154 Observa,
858 1057 1022 1152 inquam,
1048 1059 1205 1134 &inve-

133 1153 198 1228 titt
219 1155 261 1226 in
290 1156 508 1250 evangelica
534 1153 721 1249 leiiione,
757 1177 834 1229 non
853 1155 990 1230 fabular
1019 1156 1053 1230 δι
1081 1179 1203 1232 narra-

135 1253 245 1326 tiones
264 1253 593 1353 coevangelistir,
618 1253 867 1348 sedmysteria
894 1255 964 1330 elle
984 1256 1213 1351 conscripta..

130 1349 275 1446 inpleta
301 1351 360 1426 est
382 1357 507 1446 utique
528 1355 645 1428 odore
669 1357 841 1452 unguenti
864 1355 1004 1430 domus.
1055 1355 1093 1429 Si
1115 1358 1201 1448 quid

129 1455 310 1548 peccatrix
323 1455 473 1549 habuit,
499 1455 543 1527 ad
556 1457 666 1548 pedes
684 1453 915 1528 referendum
931 1453 1004 1529 est:
1029 1454 1199 1548 &liquid

130 1571 188 1644 er,
212 1573 296 1646 quae
310 1573 396 1626 non
413 1557 619 1646 peccatrix,
646 1556 690 1627 ad
709 1568 828 1650 caput
854 1553 938 1627 Nec
955 1556 1105 1648 mirum,
1131 1556 1201 1629 do·

130 1671 216 1728 num
231 1651 344 1726 fuisse
358 1653 478 1728 odore
494 1657 710 1748 completam
725 1707 738 1748 ,
765 1649 845 1728 etim
866 1653 939 1726 hoc
954 1655 1082 1728 ordine
1097 1675 1201 1729 mun·

130 1751 187 1826 dra
208 1753 426 1846 completus
452 1753 505 1830 stt.
552 1755 729 1828 scribitur
749 1756 786 1828 in
813 1753 944 1828 eodem
969 1755 1057 1826 loco
1076 1752 1121 1828 de
1147 1751 1200 1826 Si·

128 1871 231 1936 nune
256 1850 412 1946 leproso
443 1853 616 1929 &domo
645 1857 733 1948 ejus.
792 1851 873 1952 Ego
900 1865 991 1945 puto
1018 1851 1199 1945 leprosum

126 1951 242 2026 mindi
261 1951 368 2026 istius
388 1951 459 2026 elle
473 1956 692 2049 principem,
719 1954 863 2027 &hunc
883 1951 1063 2044 leprosum
1083 1951 1199 2026 Simo-

127 2069 206 2126 nem
222 2059 463 2146 nuncupati,
500 2057 600 2148 cujus
621 2051 750 2130 domus
776 2053 819 2127 ad
843 2052 1039 2125 adventum
1069 2048 1200 2124 Christi

130 2145 224 2224 tuam
240 2153 367 2226 odore
382 2155 564 2244 completa
581 2154 644 2236 stt,
669 2168 798 2250 agente
814 2153 1056 2254 poenitentiam
1070 2170 1198 2244 pecca·

128 2249 238 2342 trice,
264 2253 303 2326 dt
320 2250 437 2326 lanua
449 2269 556 2347 caput
574 2253 656 2348 Jel‘u
669 2253 843 2350 unguenti
860 2253 1035 2325 odoribus
1052 2249 1198 2345 perfun-

128 2349 245 2427 dente.
318 2355 524 2446 unguentum
548 2355 676 2445 effusum
699 2379 813 2426 nomen
834 2371 933 2424 rrum.
991 2351 1194 2450 Quomodo

129 2467 379 2546 unguentum,
403 2454 501 2545 quod
519 2451 693 2527 effufione
715 2452 774 2526 sua
798 2454 950 2526 odorem
978 2453 1088 2548 longe
1111 2452 1197 2524 late·

133 2569 191 2640 que
210 2549 408 2648 dispergit,
433 2553 481 2626 fic
495 2552 622 2630 Christi
641 2575 776 2627 nomen
795 2550 944 2626 eil'usum
961 2549 1021 2626 cst.
1057 2551 1099 2623 ln
1119 2551 1197 2622 uni·

129 2651 229 2722 tersa
241 2667 343 2724 terra
354 2649 512 2726 Christus
523 2654 743 2744 nominatur,
758 2653 794 2725 in
810 2653 906 2725 omni
921 2651 1056 2723 mundo
1072 2649 1197 2742 praedi·

130 2764 228 2822 eatur
252 2751 451 2848 Dominus.
509 2752 745 2849 Unguentum
771 2753 864 2825 enim
885 2748 1032 2824 ellusum
1060 2769 1197 2822 nomen

129 2851 213 2940 ejus.
269 2849 506 2926 NuncMosrr
520 2874 654 2927 nomen
671 2853 832 2943 auditur,
849 2851 947 2942 quod
958 2853 1054 2941 prius
1072 2849 1197 2930 ludaae

127 2963 268 3024 uncum
294 2951 526 3026 claudebatur
549 2951 741 3048 angustiis;
781 2971 899 3041 neque
929 2951 1021 3020 cuim
1049 2947 1198 3019 Gracco·

128 3069 205 3124 turn
222 3052 402 3143 quispiam
425 3053 584 3126 meminit
603 3055 707 3144 ejus,
732 3071 850 3141 neque
870 3053 904 3122 in
927 3051 997 3119 ulla
1012 3048 1198 3140 gentilium

128 3149 315 3222 literarum
336 3149 482 3224 historia
499 3151 543 3224 de
559 3153 623 3224 illo
644 3172 711 3224 ceu
729 3153 864 3224 caetcris
884 3148 1050 3239 scriptum
1065 3145 1197 3237 aliquid

125 3249 348 3324 invenimus.
374 3249 499 3324 Statim
521 3267 562 3323 ut
573 3249 669 3344 Jesus
682 3252 882 3322 radiavitin
898 3248 1049 3337 mundo,
1073 3245 1199 3318 eduxit

127 3345 249 3422 secum
273 3351 390 3444 legem
409 3352 443 3422 le
464 3354 689 3444 prophetas,
717 3350 751 3422 dc
776 3369 863 3422 vete
886 3349 1107 3440 completum
1126 3343 1195 3418 est:

136 3451 347 3544 Unguentum
365 3449 495 3542 effusum
509 3475 620 3522 nomen
641 3468 742 3522 tuum.

201 3571 239 3640 5.
272 3551 440 3644 Propterea
453 3552 632 3648 juvertculae
652 3554 836 3622 dilexerunt
854 3564 895 3619 te.
949 3546 1044 3644 Quia
1053 3564 1109 3641 per
1123 3547 1196 3640 Spi-

131 3655 230 3719 ritum
255 3647 403 3736 {antium
433 3655 576 3722 charitas
606 3656 670 3732 Dei
698 3649 814 3742 diffufia
832 3651 871 3744 ιβ
895 3652 934 3716 in
961 3651 1050 3716 corda
1073 3643 1193 3737 nostra,

128 3769 292 3846 congrue
306 3771 440 3824 nomen
459 3749 641 3824 effufionis
651 3751 821 3823 infertur:
856 3752 1058 3838 Unguentum
1071 3743 1198 3835 effusum

128 3873 242 3920 nomm
264 3866 373 3923 raum.
423 3851 511 3924 llaec
529 3852 650 3924 dicens
666 3849 792 3943 sponsa
810 3844 1090 3920 adolescentulas
1109 3863 1197 3914 con·

126 3947 241 4044 spicit
302 3949 463 4047 Quando
485 3951 545 4023 illa
570 3947 685 4043 sponsi
714 3964 851 4042 patrem
878 3946 1058 4040 rogabat,
1094 3939 1197 4014 &ad

126 4047 238 4142 ipsum
262 4047 430 4144 sponsum
455 4049 621 4126 cominus
653 4048 899 4141 loquebatur,
931 4043 1085 4116 necdum
1113 4040 1208 4154 εφη

126 4147 333 4224 lesccntulae
352 4152 527 4224 aderant:
552 4151 590 4222 in
606 4150 729 4222 mediis
746 4166 838 4221 vero
863 4145 1026 4238 precibus
1047 4140 1198 4234 ingredi·

127 4265 185 4324 tur
205 4251 491 4346 juvencularum
518 4251 674 4337 chorus,
717 4248 751 4320 δι
778 4243 911 4343 sponsae
930 4242 1094 4317 laudatur
1124 4241 1200 4312 elo·

640 4347 676 4419 c
693 4370 718 4442 3
1049 4343 1159 4448 quiin.
