2734 4859
321 629 996 730 ri'01nt·1t=1·'ri''v1.'·²
1099 591 1206 747 Aer

144 803 408 907 eogtnttonem
427 803 636 910 flagellent·
668 808 796 885 Sermo
814 812 948 906 eninr,'
966 795 1027 906 qui
1049 809 1205 889 animan

144 911 294 1006 pungit,
321 909 355 983 st
377 907 485 1004 ipsam
497 913 550 985 in·
564 911 817 986 conscientiam
835 923 1069 1008 peccatorum
1088 909 1204 984 iddu-

145 1010 220 1102 cit,
242 1007 419 1107 flagellem
431 1011 596 1110 nigellae
607 1027 724 1086 autern
741 1014 884 1086 bertum
897 1011 1087 1086 ¹dolentem
1104 1033 1124 1084 a
1139 1008 1203 1082 iia·¹

145 1107 265 1204 gellis:
289 1129 366 1203 que
386 1111 480 1186 eninr
497 1113 683 1202 dicuntur,
709 1111 821 1204 ipiirrn
842 1111 999 1205 feriunt,
1013 1109 1060 1182 'st
1080 1129 1202 1202 repre·

141 1205 335 1283 -nensorem
362 1212 601 1304 nonsperni-t.
658 1209 816 1307 Quando
838 1225 956 1284 autem
979 1210 1057 1302 quir
1078 1229 1201 1305 reper-

142 1319 203 1378 tus
221 1306 351 1390 suerit,
377 1310 437 1402 qui
456 1309 592 1402 sensus,
618 1325 659 1384 ut
673 1312 725 1385 ita
745 1310 902 1403 dicam,-¹
915 1327 1043 1402 expers
1063 1307 1198 1402 suerit,

141 1403 190 1478 de
204 1405 266 1478 iilo
284 1406 448 1482 dicetur:
476 1411 652 1510 flagitant
663 1437 737 1494 eos,
757 1421 797 1485 σ·
810 1425 875 1481 non
892 1411 1072 1481 idearum.
1123 1403 1197 1480 Eo*

141 1503 227 1578 dern-
236 1506 403 1582 sermone·
414 1510 451 1582 in
460 1511 606 1584 modom
618 1509 903 1604 reprehensionis
919 1509 1089 1603 prolato,
1115 1527 1198 1581 ver·

141 1602 179 1678 bi
196 1606 342 1702 gratia,
354 1624 416 1702 ut,
445 1607 543 1702 quod
560 1608 720 1703 dicitur,
745 1610 898 1704 animum
914 1609 989 1702 ejus
1003 1607 1197 1703 percellat,

141 1705 204 1793 qui
222 1702 488 1782 conscientian
499 1709 610 1784 hebet
625 1709 748 1801 oiiquo
766 1723 920 1805 peccato
940 1707 1138 1806 poiiotanr,
1170 1707 1199 1782 sr

141 1803 225 1892 quir,
244 1805 461 1882 audientium
479 1807 657 1903 doluerit,
682 1811 753 1902 ita,
777 1807 882 1892 itt-de
896 1827 943 1882 eo
958 1807 1116 1884 dicaturt
1142 1805 1199 1878 vi·¹

141 1899 242 1996 disti,
262 1917 308 1978 ut
325 1907 385 1979 ille
402 1907 637 2002 compunctus
653 1905 732 1982 esti
757 1905 844 1982 aliur
862 1925 961 1982 vero
972 1925 1198 2000 nequaquam

141 1999 322 2097 doluerit,
354 2004 413 2079 sed
435 2005 534 2080 sensu
552 2007 653 2094 omni
677 2005 797 2096 amisso
816 2005 1093 2102 reprehensores
1117 2025 1197 2082 non

141 2099 283 2198 audiat,
313 2104 533 2180 manisestunr
557 2105 636 2200 est}
668 2105 714 2182 de
738 2127 808 2198 eo,
839 2109 899 2200 qui
920 2126 968 2180 ne
991 2103 1097 2180 sentit
1118 2105 1197 2196 quia

141 2199 243 2296 dem,
269 2200 338 2276 dici
353 2203 471 2299 posse:
499 2205 756 2305 siagriassieos,
781 2205 820 2284 Θ
839 2205 1097 2279 amicirentur.
1135 2199 1195 2280 En

141 2319 212 2390 quo
236 2300 333 2375 sensu
354 2306 468 2400 recipi
483 2307 609 2400 possit,
632 2306 903 2398 mndoluerrmt,
929 2320 990 2379 eut
1013 2303 1194 2379 idumea

141 2395 354 2495 videamur,
380 2425 425 2478 an
444 2405 485 2479 sit
506 2407 612 2480 nobis
637 2407 744 2481 etiam
766 2408 832 2481 rlir
846 2405 1035 2501 expositiot
1084 2401 1194 2478 neci·

141 2496 192 2570 dit
204 2499 442 2577 interdum-in
461 2508 697 2600 corporibus,
721 2521 763 2580 ut
781 2519 901 2600 partes
918 2503 1074 2598 quaedrnr
1093 2523 1195 2577 erno·

141 2599 301 2694 riantur,
327 2600 617 2700 inanitionem,
649 2603 684 2680 ir
709 2604 799 2701 sepe
822 2621 974 2680 nurnero
994 2600 1193 2676 istiusmodi
1275 2679 1278 2688 ,

141 2702 295 2773 membra
308 2717 472 2776 emortua
490 2727 563 2797 prae
581 2706 677 2779 vivis
695 2718 798 2779 tanto
821 2704 951 2778 dolore
965 2699 1190 2793 afficiuntur,

141 2815 180 2870 ut
200 2798 367 2874 adhibitis
386 2802 527 2895 quidem
542 2806 637 2878 vivo
661 2806 824 2879 membro
837 2805 905 2886 iis,
931 2821 1009 2894 que
1025 2801 1192 2878 dolorem

141 2897 318 2995 inserunt,
343 2902 465 2976 doleat
480 2905 568 2995 ilie,
592 2905 649 2978 cui
668 2905 731 2996 id,
758 2902 856 2996 quod
874 2901 1037 2974 dolorem
1058 2897 1189 2991 efficit,

141 2997 315 3092 insertur,
347 3001 471 3076 iisdem
496 3023 588 3074 vero
611 3003 804 3078 tormentis
826 3002 987 3076 membro
1010 2996 1107 3072 sensu
1132 3019 1191 3073 cr-

141 3097 229 3168 renti
250 3097 434 3181 adhibitis,
458 3102 603 3176 minirne
616 3103 741 3176 doleat
762 3103 844 3184 iiie,
871 3101 970 3192 cujus
990 3097 1190 3173 membrum

141 3211 339 3272 emortuum
363 3198 422 3273 est.
475 3200 562 3274 Haec
579 3202 604 3275 fi
621 3201 656 3274 in
684 3221 843 3295 corpore
870 3196 1114 3291 conspexisti,
1146 3197 1191 3271 ad

141 3297 284 3371 enimam
316 3299 492 3381 transfer,
533 3300 800 3393 &considera,
836 3299 1009 3393 quandam
1042 3317 1191 3390 quoque

141 3397 283 3473 enimam
298 3395 387 3490 eise,
414 3399 514 3488 cujus
527 3401 684 3473 membra
700 3400 750 3473 ita
770 3414 934 3474 emortua
947 3396 1048 3488 sunt,
1073 3409 1115 3469 ut
1128 3395 1189 3468 flr·

141 3497 313 3593 gelienon
334 3497 482 3587 sentiat,
512 3497 739 3590 quantumvis
759 3497 906 3574 molesta
921 3494 1078 3590 quedam
1099 3494 1189 3569 inse·

141 3612 268 3673 rantur.
332 3594 569 3671 Disiecnbitur
593 3599 708 3672 rnirna
727 3599 812 3689 illr,
850 3596 909 3672 sed
935 3616 1012 3671 non
1035 3594 1186 3684 sentiet;

141 3691 313 3768 iiia-[vero
333 3693 489 3786 sentiet3
525 3698 562 3771 ὰ
580 3697 731 3774 sortosiis
753 3700 812 3791 qui
834 3719 899 3791 ea,
924 3718 1002 3790 quae
1019 3694 1187 3769 doiorern

141 3796 294 3884 ¹iniunt,
318 3817 396 3871 non
417 3794 542 3891 sentit,
569 3797 835 3890 quodamnodo
853 3799 932 3893 plue
955 3795 1076 3887 dolet,
1103 3815 1185 3869 curn

141 3913 176 3964 ea
192 3915 267 3964 non
280 3893 417 3988 sentit,
433 3917 536 3988 quarn
544 3917 627 3973 curn
642 3895 770 3992 sentit,
796 3911 972 3991 optatque
983 3894 1106 3988 potius
1122 3894 1187 3966 do·

141 4011 235 4082 ere,
261 4013 342 4068 curn
366 3995 514 4070 molesto
537 3997 759 4090 inseruntur,
785 3994 938 4093 (etenim
960 3994 1033 4068 hoc
1054 3992 1188 4090 signum

141 4089 186 4164 est
203 4091 314 4184 ipsun
328 4095 526 4194 vivere)&
546 4117 639 4192 regne
657 4094 750 4190 sert,
776 4094 811 4171 se
831 4116 907 4170 non
927 4092 1083 4183 sentire,
1109 4111 1188 4182 quo

141 4192 302 4267 iolorenr
324 4195 753 4287 parere-consueverunt·
793 4194 906 4270 Sicuti
924 4213 1038 4289 porro
1058 4188 1187 4265 hocin

141 4296 351 4390 torporibus
375 4291 448 4389 fit,
477 4295 525 4372 tic
548 4315 629 4370 cunr
654 4295 810 4373 dicitnr:
851 4289 1048 4388 Vesanus
1079 4287 1191 4382 sotem

596 4393 716 4496 Eos
1017 4388 1173 4492 oniui'tr
