2734 4859
426 602 800 686 HOMILIA
846 599 938 686 xit.
1141 605 1215 703 325

146 785 254 849 nune
273 762 404 844 ditium
426 763 518 842 eise:
550 770 694 844 Audita.-
726 769 772 844 de
790 768 844 845 hia
866 781 1016 861 autem,
1042 783 1120 864 qua
1141 768 1217 848 fine

141 869 323 964 ·scrupulo
332 870 601 963 interpretantis
614 865 769 944 auditori
785 872 977 950 commoda
989 870 1091 944 sunt:
1114 873 1216 943 Auri»

152 974 213 1044 bur
230 974 391 1067 percipite.
450 967 701 1044 Percurramue
722 968 904 1046 universas
930 967 1145 1065 scripturas,
1179 969 1217 1068 ut

152 1071 299 1170 probati
309 1071 530 1144 nummularii
542 1068 660 1144 effetti
674 1070 831 1146 dicamus
842 1073 864 1168 ,'
881 1071 955 1145 hoc
968 1069 1090 1144 audire
1108 1071 1218 1145 debe·

151 1189 261 1266 anua,
286 1170 360 1244 hoc
377 1167 520 1244 auribua
539 1173 738 1264 percipere.
787 1169 957 1264 Denique
973 1190 1053 1244 cum
1068 1169 1217 1244 audieri-

151 1281 235 1347 mua
259 1268 293 1343 δι
318 1273 583 1364 perceperimus
611 1271 776 1363 auribus,
813 1291 889 1364 qua
916 1270 1103 1364 dicuntur,
1137 1289 1215 1345 nou

153 1370 367 1444 elevemur:
393 1375 508 1442 Omnis
529 1377 665 1471 qnippe,
691 1378 749 1471 qui
757 1372 793 1462 fi
807 1371 979 1460 humatae,
1004 1369 1216 1443 maireium

153 1467 207 1544 Et
224 1467 393 1543 Salvator
409 1469 558 1565 noster,
585 1470 706 1546 dicens
721 1495 745 1546 :-
760 1472 884 1564 Discite
897 1498 921 1545 a
938 1494 1003 1559 rae,
1029 1477 1106 1569 quia
1126 1473 1217 1542 mitia

149 1571 251 1662 sum,
277 1568 315 1647 0
333 1570 591 1662 inmerserat,
616 1572 657 1649 θ
674 1576 1009 1671 imperiorumque„
1033 1577 1072 1642 r'n
1091 1575 1219 1643 anima·

155 1670 214 1743 bas
232 1668 369 1768 vestris:
405 1669 516 1745 docet
535 1693 632 1770 noa,
670 1693 718 1747 ne
738 1673 965 1748 extollamur.
1015 1669 1110 1745 Nam
1134 1687 1219 1752 cum

154 1770 277 1846 multia
298 1770 396 1843 vitiis
416 1776 530 1867 genua
553 1787 708 1846 vexetur
724 1773 941 1867 humanum,
966 1771 1039 1846 hoc
1061 1785 1218 1864 peccato

154 1870 220 1943 vel
239 1870 392 1945 maxime
414 1873 599 1964 premitur.
649 1870 733 1946 Nec
758 1891 850 1946 unua
874 1870 926 1946 est
946 1870 1076 1946 modus
1099 1869 1218 1964 supera

155 1971 235 2046 biae.
287 1968 390 2045 Alius
403 1970 716 2065 irrationabiliter,
742 1970 982 2047 &stultorum
995 1990 1099 2046 more
1117 1973 1155 2044 in
1172 1969 1219 2046 iia

155 2068 331 2164 effertur,
349 2091 426 2163 quae
439 2074 548 2170 megia
562 2071 704 2165 pudore
714 2071 819 2171 digna
836 2073 936 2165 sunt,
956 2081 1017 2145 aut
1030 2083 1220 2144 certemu-

154 2171 244 2242 dum
269 2170 436 2243 elationis
453 2172 607 2248 excedit.
659 2171 765 2245 Alius
784 2174 878 2265 quasa
893 2173 972 2246 veri
993 2169 1219 2247 fimulationa

155 2266 320 2344 sedutiua
334 2267 437 2364 super
457 2271 499 2344 iis
516 2274 705 2365 elevatur,
731 2291 809 2364 quae
824 2271 886 2346 fibi
903 2271 1008 2370 digna
1023 2272 1137 2368 gloria
1151 2289 1220 2365 pu·-
1274 2281 1284 2292 '

154 2381 235 2462 tat,
261 2389 342 2444 cum
359 2368 393 2443 δι
408 2372 446 2444 in
460 2372 590 2447 talibus
605 2368 845 2466 periculosum
865 2371 909 2447 srt
923 2371 1081 2470 gloriari.
1144 2401 1146 2405 ·
1201 2395 1205 2406 ·

235 2477 268 2550 8.
294 2466 507 2564 Exemplum
518 2469 697 2566 assumam,
712 2468 1100 2564 quofiatmanifestiua.
1126 2466 1218 2554 Sunt

157 2567 303 2662 quidam
317 2571 353 2645 in
375 2591 423 2644 eo
442 2568 477 2644 se
493 2570 695 2665 Jatiantea‚
721 2573 803 2665 quia
828 2570 890 2646 filii
910 2591 1033 2669 regum
1055 2571 1157 2665 sunt,
1183 2573 1220 2646 ὰ

156 2669 275 2746 nobili
299 2669 430 2745 familia
451 2673 537 2746 nati.
587 2669 787 2745 Istiusmodi
805 2671 968 2748 homines
992 2692 1038 2746 ne
1058 2672 1221 2752 umbram

159 2769 303 2862 quidem
322 2769 559 2869 &imaginem
578 2772 745 2846 elationis
765 2771 834 2846 suae
850 2769 997 2867 poliunt
1016 2769 1219 2850 ostendere.

156 2870 252 2946 Sunt
267 2872 354 2954 alii,
383 2871 443 2962 qui
469 2869 580 2944 daeo
604 2868 859 2967 sublevantur,
896 2871 979 2964 quia
1003 2869 1221 2964 potestatem

157 2975 296 3052 habent
316 2969 506 3044 occidendi
528 2969 722 3060 homines;
755 2971 812 3065 δι,
843 2985 885 3044 nt
906 2968 968 3064 ipfi
988 2981 1144 3064 putant,
1176 2991 1222 3048 ea

158 3074 244 3148 fuiti
267 3070 347 3146 sunt
365 3070 560 3166 dignitate,
586 3086 652 3154 ut,
684 3090 839 3163 quorum
859 3071 1002 3152 veiint,
1036 3071 1154 3164 capita
1169 3070 1221 3146 sa·

160 3186 258 3251 cent.
306 3170 448 3244 Horum
465 3171 579 3265 gloria
595 3171 633 3244 in
650 3169 863 3245 confusione
886 3167 945 3242 sua
962 3167 1024 3245 est.
1073 3169 1147 3243 Alii
1167 3169 1222 3245 su·

156 3293 227 3369 per
249 3271 383 3346 divitiis
407 3270 470 3343 fibi
489 3269 736 3363 applaudunt,
765 3291 841 3344 non
868 3269 922 3344 hia
944 3269 1067 3354 veria,
1097 3267 1155 3345 sed
1176 3269 1219 3346 iia

158 3374 323 3461 divitiis,
353 3390 433 3462 quae
454 3369 618 3444 deorsum
637 3368 728 3444 sunt.
791 3368 864 3442 Alii
889 3368 1095 3461 superbiunt
1118 3370 1222 3466 super

158 3473 273 3549 domo
295 3468 495 3566 splendida,
521 3468 625 3565 super
642 3467 912 3564 peffefflonibua
931 3469 1069 3564 multia,
1095 3469 1132 3544 in
1146 3472 1222 3563 qui·

159 3574 228 3648 bus
260 3568 434 3645 universrs
466 3590 543 3643 non
569 3567 620 3644 est
643 3569 787 3664 penitus
820 3568 1054 3666 gloriandum.
1107 3570 1222 3673 Quod
1257 3653 1264 3662 ,

160 3687 280 3748 autem
301 3667 537 3744 verisimile&
557 3669 700 3766 dignum
716 3668 921 3761 iudicatur,
946 3684 989 3742 ut
1004 3668 1143 3761 quidam
1157 3689 1223 3764 pu·

160 3784 264 3862 tant,
282 3769 504 3868 gloriandum
519 3767 591 3861 est,
604 3790 685 3843 cum
701 3770 824 3860 aliquis
837 3770 886 3844 ob
907 3765 1111 3861 sapientiam
1125 3769 1221 3848 suam

161 3871 354 3962 elevatur,
381 3883 443 3942 aut
467 3865 630 3943 conscius
650 3869 712 3943 fibi
731 3867 802 3953 est,
827 3869 909 3961 quia
927 3871 1050 3942 decem
1066 3870 1137 3961 J‘am
1160 3891 1222 3944 an·

161 3971 292 4045 nitrea
309 3987 483 4043 venereas
503 3989 580 4042 non
600 3969 785 4065 tetigerit,
811 3966 886 4041 five
898 3968 949 4068 ab
963 3967 1114 4044 infantia
1129 3969 1222 4044 inte·

159 4090 226 4167 ger
251 4067 435 4160 castusque
462 4065 704 4162 permanserit.
755 4065 979 4160 Rursumque
1007 4070 1094 4140 aliua
1118 4068 1229 4163 erigi.

160 4186 243 4265 tur,
269 4169 351 4261 quia
362 4168 505 4242 vincula
516 4189 586 4264 pro
597 4165 740 4242 Christo
756 4168 972 4262 portaverit.
1023 4164 1224 4258 Rectaqu-

161 4270 244 4347 dam
260 4269 429 4347 videntur
443 4270 518 4346 hac
531 4267 671 4367 omnia,
696 4269 733 4345 u
749 4266 963 4365 subiicienda
979 4266 1223 4446 wagaw-
