2734 4859
85 178 1264 472 .-

207 580 277 698 px
301 574 529 657 oaionuu
552 577 608 654 ιιι
633 571 833 662 canate,
860 557 1060 656 cauare.
1108 584 1177 668 271

132 765 189 822 tm
201 743 268 826 iis,
294 740 464 834 quaesunt
484 738 555 831 ipsa
571 738 783 830 inferiores,
808 736 842 810 δι
862 735 1031 812 ordinatis
1049 736 1085 809 in
1104 736 1182 834 uni·

133 843 240 920 verso
261 835 974 922 bocconstitutionibusfimilesexistunt
1023 835 1181 929 Symma-

132 945 222 1024 chus
242 962 333 1032 yero
350 942 481 1027 vertit,
506 956 542 1009 ur
556 947 637 1012 acres
651 940 810 1010 ordinata.
860 935 978 1010 Pavor
993 940 1084 1009 enim
1101 934 1182 1012 sunt

130 1057 173 1118 ut
189 1044 285 1116 acies
308 1039 521 1131 castrorum,
547 1059 623 1130 quae
635 1036 795 1111 hostibus
815 1050 991 1140 terrorem
1006 1035 1181 1128 injiciunt

539 1193 664 1272 CAP.
700 1196 777 1272 v1.

212 1342 350 1415 Obverte
370 1340 467 1410 oculu
486 1341 553 1408 t'uos
574 1354 682 1408 contro
701 1362 757 1413 mc.
789 1332 964 1412 'Ecclesla
981 1331 1107 1412 Christi
1123 1341 1184 1418 de·

135 1463 259 1518 eorem
278 1442 312 1513 aa
328 1439 624 1533 pulchritudinem
642 1435 795 1529 inspicit,
821 1436 953 1529 quippe
969 1457 1044 1528 quae
1056 1441 1183 1533 majori

133 1539 301 1636 profedu
319 1542 353 1612 id
365 1537 515 1610 assecuta
530 1537 584 1625 sit,
610 1552 651 1608 ut
665 1538 738 1628 ejus
753 1535 975 1610 divinitatem
986 1536 1184 1635 intelligere
1292 1589 1295 1597 -

131 1641 258 1736 possit,
297 1637 486 1711 secundum
514 1636 611 1726 quod
636 1639 756 1708 omnia
774 1655 837 1726 per
859 1631 970 1730 ipsum
989 1634 1078 1710 sado
1093 1638 1183 1716 sunt.
1257 1637 1274 1666 ''

133 1741 341 1814 Delectatus
355 1736 540 1808 autemilIa
554 1735 805 1815 vinculorum,
830 1734 1083 1828 fiveecclesrae‚
1109 1737 1184 1814 five

134 1841 260 1913 animae
281 1836 391 1908 Verbi
409 1833 557 1926 sponsae,
592 1834 861 1906 rationabilibus
878 1836 1002 1925 pennis
1018 1835 1062 1909 ad
1083 1835 1185 1912 subli-
1245 1905 1252 1913 ,.

132 1959 191 2014 me
210 1938 316 2029 jubet
328 1935 481 2023 reverti,
519 1949 558 2003 nt
578 1933 620 2004 ad
637 1929 866 2023 perfectionia
882 1934 1018 2024 apicem
1040 1938 1187 2033 veniat,

132 2036 278 2128 ipsaque
295 2037 389 2107 bunc
408 2033 613 2104 evolantem
637 2029 852 2124 conspiciat,
865 2019 945 2106 'nec
969 2033 1115 2129 amplius
1133 2036 1187 2130 ip·

134 2136 202 2210 stus
221 2133 321 2205 causa
346 2130 378 2206 se
398 2133 666 2220 demittentem,
699 2132 732 2204 dt
752 2131 870 2214 dicere
885 2132 1009 2224 poffit:
1039 2135 1106 2230 Erfi
1123 2157 1187 2230 cog·

132 2259 283 2308 mamm
295 2236 462 2321 secundum
476 2254 599 2301 carnem
617 2230 794 2327 Christum,
813 2231 960 2320 sadnunc
973 2228 1040 2331 jam
1052 2255 1190 2306 nonm-

87 2407 95 2428 ,
134 2340 254 2408 aimus.
283 2332 392 2409 ‘Una
416 2333 522 2426 igitur
545 2342 664 2402 tecum
690 2325 905 2424 proficiente
921 2329 1079 2426 ascendi,
1114 2335 1189 2414 hoc

135 2433 310 2521 assecuta,
337 2449 377 2503 ut
395 2430 497 2524 poffis
513 2428 687 2523 aspicere,
715 2428 840 2502 &non
855 2431 1001 2524 amplius
1021 2453 1084 2528 ea,
1111 2455 1189 2528 quae

134 2531 402 2628 dispensationis
419 2531 519 2619 sunt,
545 2530 581 2600 in
602 2549 708 2601 carne
725 2548 893 2619 querere.

213 2628 472 2725 capillamentum
500 2647 589 2702 tuum
612 2645 650 2698 ut
671 2653 770 2720 greges
787 2650 964 2722 caprarum,
1015 2629 1103 2704 Haec
1122 2633 1189 2707 ite·

134 2753 214 2805 rum
231 2729 363 2823 sponsa:
387 2726 475 2801 dida
494 2728 595 2819 sunt,
627 2729 746 2819 prius,
774 2728 952 2820 arbitror,
977 2749 1078 2820 curn,
1105 2753 1190 2823 qua·
1280 2802 1282 2806 .

136 2847 244 2905 tenus
266 2830 389 2918 licuit,
417 2827 597 2921 apparuit,
624 2827 705 2899 dum
725 2827 760 2898 in
782 2827 848 2900 hac
867 2828 944 2902 vita
964 2829 1191 2924 versaretur,

133 2929 295 3006 secundo
320 2945 455 3005 autem,
498 2928 556 2998 ubi
579 2929 651 3017 jam
677 2926 721 2999 ad
746 2924 1001 3019 persedionem
1028 2944 1191 3006 venerat.

111 3069 116 3074 -
136 3031 372 3128 Quapropter
383 3028 487 3098 etiam
506 3026 861 3099 nunctantummodo
871 3025 1073 3100 insinuavit:
1102 3033 1194 3100 Dens

137 3131 183 3202 ris
202 3135 255 3198 tui
269 3128 346 3218 ficut
357 3152 456 3219 greges
471 3129 639 3211 tortiorum.
702 3125 809 3220 Juxta
830 3125 997 3217 Aquilam
1018 3140 1136 3201 autem
1157 3128 1194 3201 dc

136 3225 405 3320 Symmachum:
445 3233 562 3296 Danaes
582 3232 632 3295 tui
642 3226 721 3319 ficut
736 3252 835 3318 greges
851 3232 984 3318 avium,
1017 3230 1077 3299 vel
1097 3252 1192 3320 agna-

138 3352 222 3401 rum.
273 3324 511 3414 Decebatque,
527 3326 600 3396 haec
620 3324 688 3396 dici
710 3326 753 3397 de
767 3324 1005 3416 perfessione,
1030 3339 1072 3397 ut
1086 3327 1128 3399 sat
1153 3328 1193 3403 il·
1245 3406 1247 3410 .

138 3428 224 3518 lud,
259 3451 278 3493 a
302 3421 428 3495 lavacro
451 3445 524 3495 non
542 3424 682 3515 priore,
716 3422 774 3496 sed
797 3424 965 3499 secundm
1018 3428 1193 3522 Geminam·

139 3544 185 3598 res
201 3542 296 3595 veto
321 3545 360 3594 ea
377 3522 521 3594 forsitan
540 3526 695 3612 ratione,
722 3525 819 3613 quod
835 3540 909 3597 tum
926 3543 1045 3596 earum
1060 3544 1194 3619 rerum,

140 3646 218 3715 quae
235 3636 356 3696 mente
369 3622 633 3715 intelliguntur,
661 3637 735 3695 tum
750 3644 889 3713 earum,
917 3643 993 3714 quae
1007 3622 1104 3698 sensu
1116 3624 1197 3701 nos·

140 3736 295 3811 cuntur,
324 3720 847 3813 contemplationepascantur,
874 3722 1194 3822 &quodnullasrg

141 3843 219 3917 quae
235 3822 280 3893 de
298 3840 524 3910 quocumque
541 3818 704 3892 sermone
724 3821 840 3896 cibum
858 3842 933 3893 non
952 3820 1054 3897 ferat.

220 3923 270 3993 Et
285 3921 535 4002 adolescentulae,
556 3945 687 4012 quarum
700 3946 764 3989 nura
783 3921 821 4015 esi
833 3946 996 3992 numerus.
1045 3919 1196 3996 Adoles-

142 4022 296 4098 centulae
316 4039 498 4090 numerum
515 4038 590 4090 non
607 4020 761 4108 habent,
790 4041 864 4092 non
879 4021 977 4110 quod
996 4018 1056 4092 sub
1073 4043 1197 4095 nume·

141 4144 185 4196 ro
212 4141 289 4193 non
308 4119 454 4208 cadant,
491 4116 548 4189 sed
569 4118 666 4209 quod
684 4140 758 4191 non
778 4119 855 4193 satis
872 4120 984 4219 dignae
1000 4119 1087 4209 sint,
1114 4141 1198 4210 qna·

134 4243 220 4303 tum
235 4239 404 4298 numerus
422 4220 573 4294 ineatur.
623 4214 786 4295 urtone
804 4221 971 4313 eundem,
997 4241 1101 4394 quefm
1114 4219 1199 4300 ado·

1019 4320 1163 4394 beten.
