2734 4859
121 493 129 512 '
538 457 544 488 l

473 615 719 699 LIBER
768 617 816 708 11.
1015 617 1017 622 ’
1108 646 1177 723 131

113 786 281 884 pientiam
294 781 523 878 Salomonis,
549 781 710 879 &·addit,
736 786 817 879 quia
833 783 908 883 plus
921 785 1084 860 Salomone
1100 788 1181 886 bic,·

85 955 87 992 3
114 889 248 962 docens
265 885 337 982 per'
350 885 447 978 hoe,
471 887 552 978 plus
573 882 643 958 elie
659 885 862 968 veritatem,
890 908 993 979 quarn
1007 889 1175 967 veritatis

114 983 254 1086 ligures.¹
306 985 422 1059 Venit
444 1005 533 1080 ergo
550 984 585 1056 &
600 986 696 1076 haec,
722 987 795 1060 imo
816 984 1007 1061 secundum
1022 984 1175 1085 liguram

112 1089 182 1180 ejus
199 1084 354 1160 ecclesia
369 1087 471 1158 venit
485 1105 531 1156 ex
547 1087 734 1180 gentibus,
761 1087 884 1160 audire
899 1086 1102 1179 sapientiam
1115 1089 1175 1164 Sa·

113 1185 267 1262 lunonis
285 1187 380 1274 ueri,
405 1184 533 1257 &veri
551 1180 848 1277 pacificiDomini
863 1186 973 1260 nostri
981 1185 1062 1280 Jesu
1073 1185 1175 1262 Chri·

112 1283 157 1360 lli.
208 1285 333 1358 Venit
358 1283 392 1357 dc
415 1283 510 1378 haee,
542 1284 826 1377 primoquidem
854 1301 996 1359 tentans
1013 1304 1174 1384 eumper

112 1386 296 1484 enigmata
315 1382 596 1476 &quaestiones‚
630 1404 707 1473 quae
725 1384 757 1456 ei
773 1383 870 1476 prius
891 1385 1096 1462 insolubiles
1121 1392 1175 1462 vi·

112 1485 308 1560 debentur:
338 1497 446 1575 atque
466 1482 605 1579 abipso
625 1483 670 1556 de
688 1485 873 1578 agnitione
889 1487 993 1557 verbi
1008 1484 1104 1579 Dei,
1139 1489 1175 1560 u

112 1583 150 1660 de
162 1575 348 1658 ”creaturis
362 1583 504 1673 mundi,
536 1584 596 1656 vel
614 1584 658 1655 de
678 1583 948 1656 immortalitate
968 1585 1111 1677 anima,
1139 1586 1175 1660 dt

110 1683 243 1778 judicio
257 1683 406 1775 futuro,
433 1683 530 1774 quod
549 1683 643 1776 apud
662 1703 740 1755 eam
757 1683 898 1776 &apud
916 1682 1088 1756 dotiores·
1097 1685 1174 1778 ejus

112 1786 260 1882 gentiles
287 1783 463 1858 duntaxat
488 1780 724 1876 philosophos
753 1785 930 1856 incertum
955 1781 1090 1876 semper
1112 1797 1175 1857 aut

111 1885 255 1959 dubium
275 1883 467 1974 manebat,
498 1881 708 1955 absolvitur.
765 1883 879 1956 Venit
900 1902 988 1978 ergo
1010 1881 1175 1956 Hierusa-

110 1983 193 2080 ten,
230 1980 278 2056 ad
297 1981 472 2054 visionem
495 1978 630 2054 scilicet
644 1981 764 2075 pacis,
800 2002 880 2055 cum
897 1981 1176 2054 multitudine&

111 2085 249 2158 virtute
269 2081 406 2170 multa3
445 2101 520 2154 non
544 2082 637 2156 enim
661 2102 743 2153 curn
767 2102 838 2154 una
861 2076 936 2154 sola
960 2082 1095 2178 gente,
1133 2095 1176 2153 ut

112 2186 201 2278 pn'us
216 2169 405 2278 synagdga
418 2177 514 2253 solos
533 2175 658 2255 habuit
673 2179 864 2272 Hebraeos,
890 2178 948 2254 sed
967 2181 1175 2254 cumtotius

111 2284 228 2358 nundi
251 2282 421 2379 gentibus
445 2280 566 2372 venit,
599 2279 765 2353 deferens
786 2283 892 2354 etiam
908 2300 1055 2354 munera
1069 2279 1176 2378 digna

111 2377 273 2475 Christo,
302 2380 623 2454 odoramentorum
643 2378 812 2472 siquidem
830 2377 1037 2472 suavitates,
1063 2399 1177 2473 opera

111 2479 244 2556 seilicet
269 2483 390 2570 bona,
429 2499 505 2570 quae
527 2480 571 2552 ad
595 2478 711 2552 Deum
735 2500 798 2572 per
816 2480 968 2553 odorem
989 2477 1175 2552 suavitatis

112 2581 319 2656 ascendunt.
374 2577 444 2650 Sed
466 2579 499 2649 ἃ
520 2599 608 2652 auro
623 2580 727 2651 venit
740 2581 899 2671 repleta,
926 2579 1081 2654 sensibus
1102 2579 1176 2654 sine

113 2681 220 2755 dubio
246 2679 282 2751 δι
308 2678 578 2751 rationabilibus
603 2675 816 2771 disciplinis,
848 2700 933 2768 quas
959 2693 1043 2751 ante
1067 2678 1177 2753 iidem

113 2783 225 2856 adhuc
250 2799 300 2852 ex
323 2778 503 2852 communi
523 2776 721 2850 &scholari
742 2780 945 2851 eruditione
964 2779 1176 2874 collegerat.

113 2879 256 2955 Detulit
278 2878 385 2950 etiam
408 2878 557 2970 lapidem
584 2877 807 2972 preciosum,
841 2899 945 2970 quern
963 2890 1177 2951 ornamenta

114 3001 253 3054 norum
279 2975 461 3071 possumus
491 2979 702 3072 intelligere.
755 2975 845 3050 Curn
865 2979 939 3051 hoc
962 2997 1049 3074 ergo
1071 2998 1177 3070 appa·

114 3095 187 3154 ratu
205 3081 322 3152 intrat
337 3076 380 3148 ad
393 3073 581 3171 pacificum
601 3097 721 3172 regern
741 3075 938 3171 Christum,
966 3076 1000 3148 u
1020 3075 1081 3170 ipsr
1096 3096 1179 3167 ape·

115 3181 155 3252 tit
182 3199 254 3252 cor
288 3173 406 3269 suum,
444 3178 481 3247 in
506 3176 726 3252 confellione
751 3176 785 3248 δι
813 3176 1023 3271 poenitentia
1043 3174 1178 3250 scilicet

115 3278 393 3371 precedentium
422 3274 653 3367 delictorum,
692 3274 725 3347 ἀ
754 3276 879 3347 locuta
902 3275 953 3348 est
977 3276 1009 3347 ei
1035 3277 1177 3358 omnia,

117 3397 186 3470 que
211 3389 319 3450 erant
338 3375 376 3447 in
401 3376 512 3448 corde
532 3372 618 3467 suo,
645 3389 796 3467 propter
821 3375 968 3465 quod&
988 3372 1176 3468 Christus,

119 3481 169 3568 qui
190 3477 247 3551 est
265 3495 337 3570 pax
357 3474 497 3567 nostra,
525 3475 734 3548 enunciavit
755 3476 786 3546 ei
808 3475 929 3549 omnia
949 3474 1061 3547 verba
1076 3476 1175 3568 ejus,

120 3577 240 3651 &nun
256 3574 309 3649 est
330 3575 505 3666 verbum,
531 3574 629 3666 quod
651 3573 808 3647 omiserit
821 3595 898 3666 rex,
926 3574 1050 3647 &non
1064 3593 1175 3648 enun·
1284 3667 1286 3671 Α

121 3677 264 3750 ciaverit
287 3675 333 3750 ei.
383 3672 550 3765 Denique
573 3695 654 3748 cum
675 3674 746 3764 iarn
767 3689 908 3766 tempus
930 3673 1094 3767 palfionis
1115 3694 1176 3766 ap·

121 3779 388 3870 propinquaret,
413 3773 459 3848 src
476 3775 637 3867 loquitur
657 3773 809 3870 adeam,
835 3773 872 3845 id
891 3774 954 3867 est,
979 3772 1022 3846 ad
1039 3770 1175 3846 elesius

122 3875 305 3973 discipulos
319 3873 420 3948 suos:
438 3873 534 3972 June
551 3877 732 3945 uenditum
748 3899 804 3943 vus
817 3874 948 3964 seruos,
968 3874 1023 3963 sed
1041 3880 1172 3959 amicos,

122 3983 184 4072 qaia
194 3979 314 4068 fimus
330 3977 451 4065 nescit,
482 3976 559 4072 quid
568 3975 675 4067 faciat
693 3975 835 4045 dominus
853 3978 934 4070 ejun·
983 3974 1049 4065 Ego
1068 3988 1174 4043 nutem

121 4094 187 4150 nuta
211 4077 278 4168 fati
300 4074 394 4146 vobis
423 4081 552 4155 omnia,
587 4098 780 4172 quacumque
806 4075 919 4145 audivi
944 4089 1075 4167 epatre
1097 4096 1171 4141 men.

121 4173 271 4276 sicergo
289 4175 483 4270 impletur,
516 4173 615 4266 quod
636 4173 747 4266 dixit,
775 4175 945 4265 quianon
963 4171 1071 4251 fuerit
1092 4189 1173 4242 uer·
1253 4248 1255 4252 ,

121 4272 207 4380 bun,
236 4275 343 4376 quud
362 4295 445 4352 non
464 4272 715 4350 enuntiaverit
728 4271 900 4372 pacificus
916 4271 1100 4363 Dominus
1118 4287 1178 4350 re·

407 4428 412 4434 ·
598 4370 669 4454 Η
1039 4376 1143 4487 gine

557 4535 569 4570 Ι
