2734 4859
656 667 929 758 ,ΛΝ
1016 659 2062 768 JE‚R1·:M1A·M.-.·2
2268 667 2412 762 ⁷⁶⁷.

283 853 507 1020 ..J
544 825 1627 1026 &guarnamam
1657 821 2418 1022 ;{2{;·.⁶.‘.3¹52²5‘{2¹E

284 1027 529 1120 {imam
579 1052 835 1108 eorum
886 1031 1368 1107 concordiam.
1410 1029 2105 1120 contentionemque
2155 1027 2420 1124 disper-

288 1139 502 1229 dam,
552 1131 733 1207 ficut
780 1129 849 1206 δι
890 1132 1177 1206 illorum
1204 1181 1231 1223 ,
1286 1129 1406 1223 qui
1439 1130 1692 1202 turrim
1733 1125 2236 1218 aedificabant,
2283 1127 2422 1204 lin-

288 1257 463 1337 guas
516 1231 752 1306 divifit
779 1286 805 1327 ‚
872 1230 1321 1307 concordem
1364 1227 1808 1322 impietatem
1853 1247 1949 1302 ne
2007 1225 2423 1326 augesceret

287 1333 709 1433 prohibens.
808 1331 997 1406 Illud
1042 1350 1287 1406 vero:
1356 1332 1556 1400 Filiis
1601 1319 1811 1402 &bati
1850 1331 2016 1418 sunt
2047 1377 2072 1412 ‚
2127 1335 2421 1426 perdide.

293 1453 454 1530 synt
494 1435 785 1532 populum
826 1457 1073 1514 meum,
1152 1430 1558 1529 principum
1599 1427 2193 1522 sacerdotumque
2243 1455 2421 1508 con·

288 1538 480 1612 tinet
506 1531 1055 1626 accusationem.
1156 1532 1256 1606 Hi
1284 1533 1521 1622 enim,
1573 1549 1738 1604 cum
1769 1530 1948 1604 loco
1975 1545 2259 1624 patrum
2287 1555 2423 1628 po.

281 1617 479 1736 'pulis
517 1631 787 1731 effent,
856 1629 1046 1708 filios
1087 1628 1509 1722 amiserunt,
1558 1649 1699 1724 pro
1744 1627 2067 1704 doctrina
2114 1634 2232 1726 pia
2272 1632 2423 1730 sug-

281 1747 649 1836 ·gerentes·
666 1734 1127 1826 impietatem.
1220 1725 1546 1806 Fortassb
1573 1749 1760 1802 vero
1786 1750 1924 1804 nec
1951 1727 2110 1806 fieri
2142 1733 2420 1828 potest,

281 1847 383 1911 'ut
420 1833 673 1930 perdat
713 1833 869 1924 quis
909 1835 1313 1927 populum,
1364 1830 1439 1904 ni
1469 1831 1666 1923 prius
1701 1827 1894 1904 suam
1921 1833 2221 1908 animam
2263 1853 2423 1930 ger·

281 1919 605 2012 'minibus
640 1932 933 2010 virtutis
967 1932 1396 2024 orbaverit3
1446 1949 1668 2006 nemo
1702 1931 1894 2008 enim
1913 1983 1943 2028 ‚
1989 1935 2114 2026 qui
2141 1935 2422 2031 probus

296 2037 421 2132 fit,
470 2036 773 2108 alterum
800 2033 1061 2128 perdit.
1379 2099 1384 2104 ,
1475 2093 1480 2098 .
2065 2069 2076 2078 -
2123 2071 2130 2076 -

447 2145 515 2216 8.
565 2133 1031 2230 Multiplicatae,
1046 2132 1216 2226 sunt
1256 2129 1469 2206 vidua
1515 2153 1727 2203 eorum
1769 2131 1954 2227 lieper
1981 2155 2248 2206 arenam
2286 2159 2426 2212 ma-

281 2225 416 2324 ·‘re‘s',
443 2231 620 2328 &c.]
672 2233 931 2306 Viduae
955 2246 1195 2308 autem
1228 2230 1498 2306 fuerint
1531 2230 1914 2326 impiorum
1941 2231 2228 2316 animae,
2268 2255 2426 2330 quae

281 2329 627 2439 'sponsum
667 2331 1020 2410 Christum
1052 2334 1457 2410 amiserunt.

284 2507 298 2530 ἶ
456 2445 525 2518 8.
579 2435 827 2510 Induxi
870 2437 1052 2531 [uper
1094 2449 1365 2508 matrem
1408 2429 1863 2524 adolescentes]
1934 2431 2219 2530 Quibus
2265 2453 2429 2530 per·

292 2537 643 2616 'euntibus
677 2529 1163 2610 conficiuntur
1190 2546 1498 2625 matres,
1549 2550 1707 2623 quae
1728 2551 1848 2606 eas
1878 2531 1954 2606 in
1991 2529 2276 2608 Christo
2305 2557 2429 2629 pe-

281 2639 652 2736 =pererunt
679 2634 750 2710 &-
784 2635 1318 2730 partui-ierunt,
1372 2634 1613 2706 donec
1643 2633 1720 2706 in
1751 2632 1892 2706 illis
1923 2624 2241 2708 Christus
2276 2636 2430 2710 for·

281 2737 614 2818 ''mar-etur
638 2788 665 2830 ‚
717 2732 786 2808 δι
810 2731 1188 2810 αδίειᾶαῑειε
1221 2731 1546 2809 solidiori
1576 2732 1745 2805 cibo
1763 2732 1851 2806 ad
1879 2731 2431 2816 adolescentiam

282 2833 831 2918 {nutriveruntz
938 2833 1347 2910 Multitudo
1395 2851 1625 2928 porro
1684 2831 2061 2907 viduarum
2108 2853 2261 2908 non
2319 2841 2431 2912 uti

281 2939 525 3020 ²1’cellae
570 2933 729 3008 coeli
759 2987 785 3028 ‚
853 2931 971 3008 sed
1005 2947 1091 3008 ut
1134 2955 1348 3010 arena
1385 2933 1638 3009 maris:
1709 2946 1782 3005 at
1814 2931 2022 3024 Juxta
2065 2933 2430 3032 litteram,

281 3037 632 3138 {alut-imis
691 3034 768 3108 in
810 3035 1009 3108 bello
1066 3033 1535 3126 cadentibu8‚
1598 3051 1868 3106 uxores
1917 3032 2148 3108 viduae
2189 3057 2433 3113 mane·

281 3145 527 3232 bant,
580 3136 651 3210 &
678 3149 939 3210 matres
970 3134 1301 3231 angustiis
1333 3134 1870 3230 premebantur.

466 3259 581 3314 10.
650 3239 797 3308 Heu
851 3259 946 3306 me
993 3251 1247 3327 mater,
1324 3260 1517 3332 quare
1555 3259 1651 3306 ne
1686 3229 2036 3332 genuisti.]
2117 3234 2434 3316 Medicis

298 3337 763 3418 affimilantur
794 3335 1209 3431 prophetae,
1257 3335 1632 3410 intuentur
1673 3335 1958 3429 quidem
1998 3338 2228 3432 mala,
2282 3353 2437 3414 tan-

298 3450 497 3542 gunt
522 3435 943 3530 injucunda,
979 3456 1070 3509 ex
1103 3435 1350 3510 alienis
1375 3436 1700 3512 aerumnis
1727 3436 2100 3530 proprium
2119 3437 2240 3514 sibl
2266 3460 2438 3514 moe·

281 3558 554 3620 :rorem
598 3549 1149 3630 comparantes:
1202 3533 1380 3608 odio
1416 3553 1706 3630 quoque
1740 3533 1901 3611 sunt
1938 3537 2074 3610 illis
2104 3583 2126 3622 ‚
2177 3542 2436 3634 quibus

281 3659 570 3720 eorum
601 3650 963 3733 praecepta
991 3655 1145 3709 non
1185 3636 1524 3730 placent,
1578 3651 1913 3731 tanquam
1960 3659 2000 3711 a
2036 3641 2444 3736 voluptuo.

281 3745 395 3828 fis
447 3737 859 3814 avocantia.
956 3732 1061 3810 Et
1103 3735 1260 3811 haec
1325 3735 1672 3829 praenoss'e
1721 3760 1854 3813 eos
1903 3754 2250 3838 oportet,
2319 3748 2444 3835 qui

281 3839 827 3944 propheticum
855 3855 1113 3912 munus
1151 3837 1237 3911 ad
1268 3835 1702 3914 medendum
1734 3837 2210 3937 susceperunt.
2271 3845 2446 3920 Me·

294 3941 523 4020 dicus
554 3941 745 4016 enim
780 3937 901 4012 hic
943 3937 1344 4012 animorum
1385 3937 1489 4018 est
1524 3938 1610 4012 iis
1647 3937 1964 4018 addistus
1990 3992 2016 4033 ‚
2083 3945 2206 4035 qui
2243 3937 2446 4020 cur‘a·

294 4043 529 4119 tione
570 4037 936 4137 indigent:
1001 4058 1165 4112 nam
1191 4040 1342 4128 san'i
1371 4059 1523 4136 opus
1557 4063 1688 4111 non
1730 4041 1972 4132 baben-t
2001 4047 2229 4136 ‘medici
2259 4098 2316 4136 ,,,
2334 4047 2447 4136 sed

281 4145 437 4247 qun·
460 4164 646 4233 egros
674 4143 739 4228 se
762 4141 1086 4228 sentiunt.
1189 4136 1390 4215 Talis
1426 4155 1582 4214 erat
1605 4140 1988 4236 Jeremias‚
2043 4143 2200 4236 qui,
2245 4143 2446 4242 quod

281 4238 852 4335 :eprehendens
884 4237 1187 4312 volebat
1230 4253 1710 4333 convertere,
1760 4233 2448 4340 accusabatur-'apud

288 4340 598 4440 iudices
638 4337 1172 4416 accusatoribus
1210 4340 1464 4420 ssmiles
1493 4366 1530 4417 :-
1585 4339 2002 4440 semperque
2035 4344 2450 4424 litibus-di:-

2044 4447 2384 4517 *rumoa-
