2734 4859
101 449 106 516 l
536 501 542 512 .

100 521 111 670 l
495 589 949 682 erasnm
1139 623 1212 706 ns

99 809 108 834 .
150 770 255 846 etiam
271 767 316 842 ad
328 764 569 863 proferenda,
596 762 843 838 sesecundum
861 761 1210 859 mediummedium,

150 868 356 964 qui-ledum
376 867 478 958 sunt,
511 865 761 938 moderatione
786 865 920 957 eloquii
935 862 1096 959 spiritalis
1117 864 1212 939 acci·

148 991 242 1065 pere.
296 968 391 1042 Auri
411 964 563 1059 speciem
585 966 622 1037 in
642 966 763 1038 multis
783 964 874 1058 saepe
888 964 1104 1039 ostendimus
1122 961 1212 1061 figu

146 1091 218 1144 ram
240 1083 370 1142 tenere
392 1065 574 1139 invisibilis
597 1064 875 1156 &incorporea
899 1079 1054 1138 naturae:
1086 1084 1211 1162 angen·

146 1183 220 1243 tum
238 1188 335 1242 vero
350 1168 523 1240 virtutem
538 1164 639 1239 verbi
654 1185 697 1236 ac
710 1166 880 1264 rationis:
906 1162 1097 1238 secundum
1110 1162 1211 1258 quod

146 1269 377 1342 &Dominus
394 1266 481 1338 dicit
500 1284 565 1357 per
579 1263 815 1357 prophetam:
843 1266 928 1336 Dedi
939 1265 1029 1335 volis
1042 1279 1211 1358 argentum

91 1401 95 1406 ·
144 1367 181 1446 U
207 1389 346 1438 aurum:
382 1390 439 1436 vor
460 1383 563 1436 aurem
577 1364 701 1460 fecistis-
721 1380 868 1458 argentea
887 1364 926 1444 6
949 1389 1046 1436 aurea
1063 1359 1208 1442 Baalim

144 1468 341 1542 ostendens
364 1465 540 1559 perhanc,
576 1463 771 1558 dedimus,
808 1464 889 1553 quia
904 1460 985 1537 dedi
1008 1463 1116 1536 vobis
1134 1460 1210 1537 sen·

143 1567 215 1642 ium
231 1567 481 1657 ditationem,
517 1583 585 1654 qua
603 1583 662 1637 me
678 1562 796 1637 Deum
811 1563 845 1635 dt
860 1559 991 1636 sentire
1008 1561 1156 1657 polletis
1174 1561 1210 1634 dr
1242 1582 1244 1585 ’

188 1670 287 1742 lere:
313 1686 383 1739 vos
400 1678 518 1737 autem
533 1663 566 1735 ἃ
579 1661 713 1736 sensum
733 1662 767 1734 dt
784 1664 976 1745 rationem,
1002 1664 1127 1757 quaein
1139 1681 1211 1736 vo·

164 1769 194 1839 is
224 1764 300 1853 est,
339 1765 384 1839 ad
408 1764 562 1836 colenda
588 1763 762 1836 demonia
791 1761 1024 1839 transtulistis.
1083 1762 1211 1840 Sed&

141 1867 266 1965 eloquia
291 1853 448 1945 Domini,
480 1865 605 1958 eloquia
633 1862 730 1958 calla,
762 1880 928 1956 argentum
951 1869 1021 1957 igne
1043 1865 1211 1960 probatus»

141 1967 288 2040 dicitur.
341 1962 390 2036 Et
408 1967 496 2037 item
519 1963 555 2034 in
574 1962 649 2036 aliis
667 1978 835 2056 argenium
857 1967 995 2056 ignitum
1007 1964 1087 2060 justi
1100 1965 1210 2060 lingua

139 2077 377 2154 memoratur.
429 2061 623 2136 Cherubim
650 2083 744 2136 vero
768 2081 874 2136 aurea
894 2062 1086 2148 dicuntur,
1119 2085 1210 2156 quo-

138 2168 236 2241 niam
279 2164 423 2256 quidem
456 2163 645 2256 plenitudo
682 2162 835 2235 scientia
867 2160 939 2235 Dei
974 2162 1210 2256 interpretan-
1250 2217 1252 2226 ·

136 2273 211 2338 'tun
290 2262 361 2336 Sed
388 2261 422 2334 dt
449 2263 700 2336 candelabrum
726 2264 766 2334 in
790 2262 1024 2335 tabernaculo
1051 2262 1211 2338 testimo·

137 2367 186 2441 nii
216 2366 369 2438 aureum
398 2362 609 2438 &solidum
635 2363 724 2455 poni
749 2363 957 2454 jubebatur:
1001 2364 1098 2454 quod
1122 2365 1211 2439 mihi

138 2465 294 2537 videtur
312 2465 467 2537 formam
482 2477 607 2535 tenere
621 2462 791 2535 naturalis
805 2462 914 2558 legis,
941 2464 978 2534 in
990 2482 1058 2554 qua
1074 2465 1132 2536 lex
1145 2462 1211 2538 sci·-

141 2566 248 2639 entiae
266 2565 433 2636 habetur.
485 2562 555 2633 Sed
571 2562 655 2653 quid
673 2583 765 2655 opus
776 2560 840 2652 est,
865 2562 1210 2660 multaeongregare

140 2663 376 2754 testimonia,
412 2682 492 2735 cum
507 2662 544 2733 in
560 2676 733 2757 promptu
750 2661 791 2735 srt
811 2660 897 2735 scire
912 2664 1142 2756 volentibus,
1168 2667 1208 2739 in

138 2766 265 2840 multis
296 2762 476 2854 scripture
496 2762 587 2833 locis
611 2762 684 2834 hoc
707 2762 876 2853 indicari,
904 2761 1002 2853 quod
1021 2783 1142 2838 aurum
1163 2763 1210 2838 ad

139 2863 278 2937 sensum
291 2874 520 2951 mentemque
534 2874 747 2951 revocetur,
774 2874 1060 2956 argentumvero
1073 2863 1116 2935 ad
1128 2884 1210 2937 ver·

139 2965 228 3037 bum
253 2976 365 3054 atque
386 2962 530 3051 eloquia
549 2959 751 3034 referatur?
792 2959 902 3033 Nunc
928 2983 1014 3059 ergo
1038 2983 1211 3057 propere·

139 3085 219 3138 mus
235 3063 282 3135 ad
293 3060 624 3154 contemplandum,
650 3060 837 3151 quomodo
848 3058 1039 3135 secundum
1049 3084 1103 3156 ea,
1130 3085 1209 3158 quae

140 3162 399 3257 premisimus,
427 3161 527 3231 amici
547 3157 662 3251 sponsi
684 3160 803 3232 dicant
823 3158 857 3232 l‘e
876 3161 1117 3237 similitudines
1132 3165 1209 3238 auri

141 3262 265 3336 facere
290 3258 426 3350 sponsae
451 3280 531 3332 cum
557 3257 835 3332 distinclionibus
852 3264 1000 3356 argenti.
1051 3264 1210 3338 Videtur

141 3383 231 3458 ergo
261 3360 372 3452 mihi,
405 3358 503 3450 quod
519 3360 598 3449 lex,
633 3380 710 3450 quae
730 3379 793 3450 per
811 3363 957 3455 angelos
978 3361 1141 3454 disposita
1156 3363 1209 3438 est

142 3463 178 3533 in
195 3481 307 3536 manu
326 3458 556 3550 mediatoris,
590 3457 877 3550 quandoquidem
898 3463 1057 3536 umbram
1077 3464 1208 3539 habeat

143 3561 354 3635 furiatorum
371 3560 573 3647 bonorum,
600 3577 675 3630 non
694 3557 800 3650 ipsam
814 3560 1000 3654 imaginem
1014 3581 1147 3658 rerum,
1172 3564 1210 3636 dt

146 3677 372 3751 quecunque
387 3657 646 3752 contingebant
660 3658 741 3746 illis,
770 3662 827 3748 qui
842 3660 879 3731 in
892 3662 970 3755 lege
987 3660 1207 3756 referuntur,

143 3762 181 3833 in
196 3756 313 3856 ligura
329 3755 363 3828 ἃ
382 3758 509 3829 nonin
529 3759 684 3831 veritate
701 3759 980 3853 contingebant,
1007 3759 1069 3833 ista
1088 3764 1209 3837 omnia

145 3857 391 3944 limilitudines
408 3854 662 3946 audiuerant,
689 3877 764 3929 non
780 3878 903 3940 aurum
921 3881 1058 3935 verum.
1093 3862 1208 3961 Quod

146 3955 281 4031 scilicet
296 3976 420 4029 aurum
435 3975 562 4027 verum
575 3956 610 4029 in
625 3955 716 4048 illis,
745 3977 823 4046 quae
835 3959 1052 4053 incorporea
1072 3958 1152 4035 sunt
1171 3962 1206 4034 dt

145 4056 335 4130 invisibilia
358 4076 400 4127 ac
425 4053 610 4148 spiritalia,
636 4055 871 4150 intelligatur:
898 4057 1089 4132 similitudo
1111 4081 1205 4132 vero

146 4157 242 4249 auri,
275 4157 403 4247 inquo
424 4173 502 4226 non
520 4153 570 4226 est
587 4155 657 4245 ipsa
671 4157 826 4248 veritas,
852 4152 912 4229 sed
931 4159 1055 4233 umbra
1075 4162 1207 4234 verita·

147 4258 211 4357 tit,
236 4254 301 4340 ista
319 4253 951 4354 corporea&vilibiliaaccipiantun
1002 4258 1117 4337 Verbi
1131 4279 1210 4354 gra.

194 4395 196 4400 ’
1101 4362 1184 4451 (ΚΜ
