<?xml version="1.0" encoding="UTF-8"?>
<!DOCTYPE html PUBLIC "-//W3C//DTD XHTML 1.0 Transitional//EN"
    "http://www.w3.org/TR/xhtml1/DTD/xhtml1-transitional.dtd">
<html xmlns="http://www.w3.org/1999/xhtml" xml:lang="en" lang="en">
 <head>
  <title>
</title>
<meta http-equiv="Content-Type" content="text/html;charset=utf-8" />
  <meta name='ocr-system' content='tesseract 3.04.00' />
  <meta name='ocr-capabilities' content='ocr_page ocr_carea ocr_par ocr_line ocrx_word'/>
</head>
<body>
  <div class='ocr_page' id='page_1' title='image "./operaomniasanct06unkngoog_0229.png"; bbox 0 0 2734 4859; ppageno 0'>
   <div class='ocr_carea' id='block_1_1' title="bbox 352 491 435 513">
    <p class='ocr_par' dir='ltr' id='par_1_1' title="bbox 352 491 435 513">
     <span class='ocr_line' id='line_1_1' title="bbox 352 491 435 513; baseline 0 0"><span class='ocrx_word' id='word_1_1' title='bbox 352 491 362 508; x_wconf 93' lang='lat'>·&#39;</span> <span class='ocrx_word' id='word_1_2' title='bbox 429 497 435 513; x_wconf 82' lang='lat' dir='ltr'>s</span> 
     </span>
    </p>
   </div>
   <div class='ocr_carea' id='block_1_2' title="bbox 366 601 1213 726">
    <p class='ocr_par' dir='ltr' id='par_1_2' title="bbox 366 601 1213 726">
     <span class='ocr_line' id='line_1_2' title="bbox 366 601 1213 726; baseline 0.002 -36"><span class='ocrx_word' id='word_1_3' title='bbox 366 667 371 674; x_wconf 91' lang='lat'>.</span> <span class='ocrx_word' id='word_1_4' title='bbox 479 609 853 694; x_wconf 72' lang='lat' dir='ltr'>irenam.</span> <span class='ocrx_word' id='word_1_5' title='bbox 1017 601 1213 726; x_wconf 45' lang='grc' dir='ltr'>ηρ,</span> 
     </span>
    </p>
   </div>
   <div class='ocr_carea' id='block_1_3' title="bbox 135 763 1247 3463">
    <p class='ocr_par' dir='ltr' id='par_1_3' title="bbox 135 763 1247 3463">
     <span class='ocr_line' id='line_1_3' title="bbox 143 763 1214 880; baseline 0.006 -26"><span class='ocrx_word' id='word_1_6' title='bbox 143 778 227 863; x_wconf 82' lang='lat' dir='ltr'>suis,</span> <span class='ocrx_word' id='word_1_7' title='bbox 254 777 338 872; x_wconf 79' lang='lat' dir='ltr'>quia</span> <span class='ocrx_word' id='word_1_8' title='bbox 351 797 472 849; x_wconf 78' lang='lat' dir='ltr'><strong>novum</strong></span> <span class='ocrx_word' id='word_1_9' title='bbox 486 763 590 848; x_wconf 72' lang='lat' dir='ltr'>&#39;libam</span> <span class='ocrx_word' id='word_1_10' title='bbox 604 778 683 849; x_wconf 76' lang='lat' dir='ltr'>idad</span> <span class='ocrx_word' id='word_1_11' title='bbox 697 777 857 851; x_wconf 77' lang='lat' dir='ltr'>vobiscum</span> <span class='ocrx_word' id='word_1_12' title='bbox 873 773 911 851; x_wconf 76' lang='lat' dir='ltr'>in&#39;</span> <span class='ocrx_word' id='word_1_13' title='bbox 929 805 1021 878; x_wconf 76' lang='lat' dir='ltr'>regno</span> <span class='ocrx_word' id='word_1_14' title='bbox 1024 788 1128 880; x_wconf 70' lang='lat' dir='ltr'>passis</span> <span class='ocrx_word' id='word_1_15' title='bbox 1141 793 1214 868; x_wconf 81' lang='lat' dir='ltr'>mei.</span> 
     </span>
     <span class='ocr_line' id='line_1_4' title="bbox 143 875 1215 975; baseline 0.006 -18"><span class='ocrx_word' id='word_1_16' title='bbox 143 880 452 964; x_wconf 82' lang='lat' dir='ltr'>innovaturenim</span> <span class='ocrx_word' id='word_1_17' title='bbox 461 875 600 970; x_wconf 87' lang='lat' dir='ltr'>semper</span> <span class='ocrx_word' id='word_1_18' title='bbox 611 880 747 975; x_wconf 85' lang='lat' dir='ltr'>agnitio</span> <span class='ocrx_word' id='word_1_19' title='bbox 758 876 976 956; x_wconf 86' lang='lat' dir='ltr'>secretorum</span> <span class='ocrx_word' id='word_1_20' title='bbox 987 900 1215 963; x_wconf 82' lang='lat' dir='ltr'>arcanorum-</span> 
     </span>
     <span class='ocr_line' id='line_1_5' title="bbox 144 976 1215 1075; baseline 0.012 -23"><span class='ocrx_word' id='word_1_21' title='bbox 144 1002 213 1075; x_wconf 87' lang='lat' dir='ltr'>que</span> <span class='ocrx_word' id='word_1_22' title='bbox 235 979 417 1054; x_wconf 80' lang='lat' dir='ltr'>revelatio</span> <span class='ocrx_word' id='word_1_23' title='bbox 437 996 502 1072; x_wconf 89' lang='lat' dir='ltr'>per</span> <span class='ocrx_word' id='word_1_24' title='bbox 520 977 724 1074; x_wconf 81' lang='lat' dir='ltr'>sapientiam</span> <span class='ocrx_word' id='word_1_25' title='bbox 742 976 938 1071; x_wconf 79' lang='lat' dir='ltr'>Dei,&#39;non</span> <span class='ocrx_word' id='word_1_26' title='bbox 963 981 1076 1058; x_wconf 86' lang='lat' dir='ltr'>solum</span> <span class='ocrx_word' id='word_1_27' title='bbox 1096 986 1215 1065; x_wconf 90' lang='lat' dir='ltr'>homi·</span> 
     </span>
     <span class='ocr_line' id='line_1_6' title="bbox 143 1076 1243 1175; baseline 0.003 -20"><span class='ocrx_word' id='word_1_28' title='bbox 143 1081 271 1173; x_wconf 88' lang='lat' dir='ltr'>nibus,</span> <span class='ocrx_word' id='word_1_29' title='bbox 296 1076 358 1152; x_wconf 81' lang='lat' dir='ltr'>sed</span> <span class='ocrx_word' id='word_1_30' title='bbox 372 1077 408 1151; x_wconf 78' lang='lat' dir='ltr'>dr</span> <span class='ocrx_word' id='word_1_31' title='bbox 427 1079 562 1175; x_wconf 88' lang='lat' dir='ltr'>angelis</span> <span class='ocrx_word' id='word_1_32' title='bbox 583 1078 851 1170; x_wconf 79' lang='lat' dir='ltr'>caelestibusque</span> <span class='ocrx_word' id='word_1_33' title='bbox 872 1083 1078 1159; x_wconf 87' lang='lat' dir='ltr'>virtutibus.</span> <span class='ocrx_word' id='word_1_34' title='bbox 1238 1087 1243 1107; x_wconf 71' lang='lat'>⁸</span> 
     </span>
     <span class='ocr_line' id='line_1_7' title="bbox 220 1175 1213 1273; baseline 0.008 -21"><span class='ocrx_word' id='word_1_35' title='bbox 220 1183 425 1254; x_wconf 73' lang='lat' dir='ltr'>Ordinamn</span> <span class='ocrx_word' id='word_1_36' title='bbox 439 1179 696 1250; x_wconf 76' lang='lat' dir='ltr'>mecharitatem.</span> <span class='ocrx_word' id='word_1_37' title='bbox 730 1209 740 1263; x_wconf 90' lang='lat' dir='ltr'>l</span> <span class='ocrx_word' id='word_1_38' title='bbox 749 1175 915 1269; x_wconf 82' lang='lat' dir='ltr'>Ejusdem</span> <span class='ocrx_word' id='word_1_39' title='bbox 933 1178 1066 1273; x_wconf 85' lang='lat' dir='ltr'>sponsae</span> <span class='ocrx_word' id='word_1_40' title='bbox 1077 1184 1213 1262; x_wconf 77' lang='lat' dir='ltr'>adeos-</span> 
     </span>
     <span class='ocr_line' id='line_1_8' title="bbox 141 1277 1212 1377; baseline 0.004 -22"><span class='ocrx_word' id='word_1_41' title='bbox 141 1277 1212 1377; x_wconf 62' lang='lat' dir='ltr'>demverbnsuntniliquodpoiiuntfortaiieetiamapostoli</span> 
     </span>
     <span class='ocr_line' id='line_1_9' title="bbox 138 1376 1213 1482; baseline 0.004 -27"><span class='ocrx_word' id='word_1_42' title='bbox 138 1378 270 1455; x_wconf 87' lang='lat' dir='ltr'>Chrilli</span> <span class='ocrx_word' id='word_1_43' title='bbox 278 1380 449 1452; x_wconf 78' lang='lat' dir='ltr'>intereos</span> <span class='ocrx_word' id='word_1_44' title='bbox 457 1378 595 1471; x_wconf 87' lang='lat' dir='ltr'>haberi,</span> <span class='ocrx_word' id='word_1_45' title='bbox 603 1378 646 1452; x_wconf 91' lang='lat' dir='ltr'>ad</span> <span class='ocrx_word' id='word_1_46' title='bbox 656 1376 1080 1471; x_wconf 85' lang='lat' dir='ltr'>quosistamemorantur.</span> <span class='ocrx_word' id='word_1_47' title='bbox 1096 1383 1213 1482; x_wconf 89' lang='lat' dir='ltr'>Quod</span> 
     </span>
     <span class='ocr_line' id='line_1_10' title="bbox 139 1478 1212 1577; baseline 0.004 -21"><span class='ocrx_word' id='word_1_48' title='bbox 139 1499 230 1577; x_wconf 78' lang='lat' dir='ltr'>eigo</span> <span class='ocrx_word' id='word_1_49' title='bbox 246 1480 316 1552; x_wconf 68' lang='lat' dir='ltr'>aits</span> <span class='ocrx_word' id='word_1_50' title='bbox 335 1483 491 1550; x_wconf 85' lang='lat' dir='ltr'>Ordinate</span> <span class='ocrx_word' id='word_1_51' title='bbox 507 1484 544 1548; x_wconf 84' lang='lat' dir='ltr'>in</span> <span class='ocrx_word' id='word_1_52' title='bbox 556 1480 814 1570; x_wconf 73' lang='lat' dir='ltr'><em>mecharitatem,</em></span> <span class='ocrx_word' id='word_1_53' title='bbox 838 1478 1051 1553; x_wconf 85' lang='lat' dir='ltr'>hunchabet</span> <span class='ocrx_word' id='word_1_54' title='bbox 1062 1480 1212 1562; x_wconf 86' lang='lat' dir='ltr'>sensum.</span> 
     </span>
     <span class='ocr_line' id='line_1_11' title="bbox 138 1575 1209 1677; baseline 0 -22"><span class='ocrx_word' id='word_1_55' title='bbox 138 1578 279 1655; x_wconf 83' lang='lat' dir='ltr'>Omnes</span> <span class='ocrx_word' id='word_1_56' title='bbox 290 1579 456 1652; x_wconf 89' lang='lat' dir='ltr'>homines</span> <span class='ocrx_word' id='word_1_57' title='bbox 469 1590 589 1652; x_wconf 88' lang='lat' dir='ltr'>amant</span> <span class='ocrx_word' id='word_1_58' title='bbox 601 1577 676 1653; x_wconf 88' lang='lat' dir='ltr'>fine</span> <span class='ocrx_word' id='word_1_59' title='bbox 689 1575 799 1651; x_wconf 90' lang='lat' dir='ltr'>dubio</span> <span class='ocrx_word' id='word_1_60' title='bbox 809 1578 953 1668; x_wconf 86' lang='lat' dir='ltr'>aliquid,</span> <span class='ocrx_word' id='word_1_61' title='bbox 974 1579 1133 1654; x_wconf 85' lang='lat' dir='ltr'>&amp;nullus</span> <span class='ocrx_word' id='word_1_62' title='bbox 1142 1582 1209 1677; x_wconf 79' lang='lat' dir='ltr'>est,</span> 
     </span>
     <span class='ocr_line' id='line_1_12' title="bbox 141 1677 1211 1773; baseline 0.001 -19"><span class='ocrx_word' id='word_1_63' title='bbox 141 1680 199 1773; x_wconf 82' lang='lat' dir='ltr'>qni</span> <span class='ocrx_word' id='word_1_64' title='bbox 213 1679 310 1753; x_wconf 85' lang='lat' dir='ltr'>adid</span> <span class='ocrx_word' id='word_1_65' title='bbox 326 1680 439 1751; x_wconf 78' lang='lat' dir='ltr'>etatis</span> <span class='ocrx_word' id='word_1_66' title='bbox 453 1680 612 1771; x_wconf 84' lang='lat' dir='ltr'>venerit,</span> <span class='ocrx_word' id='word_1_67' title='bbox 629 1677 999 1771; x_wconf 79' lang='lat' dir='ltr'>uramarejarnpollit,</span> <span class='ocrx_word' id='word_1_68' title='bbox 1021 1679 1140 1753; x_wconf 85' lang='lat' dir='ltr'><strong>&amp;non</strong></span> <span class='ocrx_word' id='word_1_69' title='bbox 1150 1683 1211 1756; x_wconf 88' lang='lat' dir='ltr'>ali·</span> 
     </span>
     <span class='ocr_line' id='line_1_13' title="bbox 139 1776 1210 1874; baseline 0.003 -22"><span class='ocrx_word' id='word_1_70' title='bbox 139 1778 223 1874; x_wconf 82' lang='lat' dir='ltr'>quid</span> <span class='ocrx_word' id='word_1_71' title='bbox 239 1792 356 1852; x_wconf 82' lang='lat' dir='ltr'>amet:</span> <span class='ocrx_word' id='word_1_72' title='bbox 382 1778 472 1853; x_wconf 86' lang='lat' dir='ltr'>licut</span> <span class='ocrx_word' id='word_1_73' title='bbox 486 1779 593 1852; x_wconf 85' lang='lat' dir='ltr'>etiam</span> <span class='ocrx_word' id='word_1_74' title='bbox 609 1780 645 1851; x_wconf 89' lang='lat' dir='ltr'>in</span> <span class='ocrx_word' id='word_1_75' title='bbox 656 1777 868 1872; x_wconf 86' lang='lat' dir='ltr'>praefatione</span> <span class='ocrx_word' id='word_1_76' title='bbox 876 1776 980 1870; x_wconf 88' lang='lat' dir='ltr'>hujus</span> <span class='ocrx_word' id='word_1_77' title='bbox 990 1781 1110 1870; x_wconf 89' lang='lat' dir='ltr'>operis</span> <span class='ocrx_word' id='word_1_78' title='bbox 1119 1779 1210 1855; x_wconf 82' lang='lat' dir='ltr'>suffi-</span> 
     </span>
     <span class='ocr_line' id='line_1_14' title="bbox 139 1875 1208 1969; baseline 0.003 -17"><span class='ocrx_word' id='word_1_79' title='bbox 139 1880 281 1953; x_wconf 81' lang='lat' dir='ltr'>cientes</span> <span class='ocrx_word' id='word_1_80' title='bbox 296 1877 525 1953; x_wconf 84' lang='lat' dir='ltr'>ostendimus.</span> <span class='ocrx_word' id='word_1_81' title='bbox 569 1878 639 1952; x_wconf 89' lang='lat' dir='ltr'>Sed</span> <span class='ocrx_word' id='word_1_82' title='bbox 654 1877 713 1952; x_wconf 93' lang='lat' dir='ltr'>hic</span> <span class='ocrx_word' id='word_1_83' title='bbox 729 1897 843 1969; x_wconf 88' lang='lat' dir='ltr'>amor,</span> <span class='ocrx_word' id='word_1_84' title='bbox 853 1875 997 1951; x_wconf 85' lang='lat' dir='ltr'>velhaec</span> <span class='ocrx_word' id='word_1_85' title='bbox 1005 1879 1157 1952; x_wconf 89' lang='lat' dir='ltr'>charitas</span> <span class='ocrx_word' id='word_1_86' title='bbox 1169 1881 1208 1957; x_wconf 92' lang='lat' dir='ltr'>in</span> 
     </span>
     <span class='ocr_line' id='line_1_15' title="bbox 136 1974 1209 2072; baseline 0 -18"><span class='ocrx_word' id='word_1_87' title='bbox 136 1979 324 2054; x_wconf 77' lang='lat' dir='ltr'><strong>nonnullis</strong></span> <span class='ocrx_word' id='word_1_88' title='bbox 350 1976 494 2070; x_wconf 89' lang='lat' dir='ltr'>quidem</span> <span class='ocrx_word' id='word_1_89' title='bbox 515 1974 578 2051; x_wconf 92' lang='lat' dir='ltr'>suo</span> <span class='ocrx_word' id='word_1_90' title='bbox 602 1978 730 2051; x_wconf 89' lang='lat' dir='ltr'><strong>ordine</strong></span> <span class='ocrx_word' id='word_1_91' title='bbox 751 1976 785 2049; x_wconf 81' lang='lat' dir='ltr'>dr</span> <span class='ocrx_word' id='word_1_92' title='bbox 803 1978 1068 2052; x_wconf 87' lang='lat' dir='ltr'>convenienter</span> <span class='ocrx_word' id='word_1_93' title='bbox 1087 1993 1209 2072; x_wconf 78' lang='lat' dir='ltr'>aptata</span> 
     </span>
     <span class='ocr_line' id='line_1_16' title="bbox 138 2074 1211 2177; baseline 0 -26"><span class='ocrx_word' id='word_1_94' title='bbox 138 2077 325 2177; x_wconf 85' lang='lat' dir='ltr'>procedit,</span> <span class='ocrx_word' id='word_1_95' title='bbox 334 2077 536 2171; x_wconf 88' lang='lat' dir='ltr'>inplurimis</span> <span class='ocrx_word' id='word_1_96' title='bbox 545 2097 638 2154; x_wconf 80' lang='lat' dir='ltr'>vero</span> <span class='ocrx_word' id='word_1_97' title='bbox 648 2074 961 2152; x_wconf 87' lang='lat' dir='ltr'>contraordinem.</span> <span class='ocrx_word' id='word_1_98' title='bbox 995 2075 1211 2151; x_wconf 83' lang='lat' dir='ltr'>Diciturau·</span> 
     </span>
     <span class='ocr_line' id='line_1_17' title="bbox 138 2174 1244 2269; baseline -0.001 -15"><span class='ocrx_word' id='word_1_99' title='bbox 138 2193 209 2254; x_wconf 84' lang='lat' dir='ltr'>tera</span> <span class='ocrx_word' id='word_1_100' title='bbox 223 2177 529 2252; x_wconf 88' lang='lat' dir='ltr'>contraordinem</span> <span class='ocrx_word' id='word_1_101' title='bbox 539 2174 653 2251; x_wconf 87' lang='lat' dir='ltr'>eliein</span> <span class='ocrx_word' id='word_1_102' title='bbox 662 2177 783 2268; x_wconf 89' lang='lat' dir='ltr'>aliquo</span> <span class='ocrx_word' id='word_1_103' title='bbox 793 2176 959 2269; x_wconf 84' lang='lat' dir='ltr'>charitas,</span> <span class='ocrx_word' id='word_1_104' title='bbox 982 2197 1090 2268; x_wconf 88' lang='lat' dir='ltr'><strong>quum</strong></span> <span class='ocrx_word' id='word_1_105' title='bbox 1099 2176 1210 2253; x_wconf 83' lang='lat' dir='ltr'>antid</span> <span class='ocrx_word' id='word_1_106' title='bbox 1235 2221 1244 2230; x_wconf 87' lang='lat'><em>·</em></span> 
     </span>
     <span class='ocr_line' id='line_1_18' title="bbox 137 2274 1235 2375; baseline -0.009 -21"><span class='ocrx_word' id='word_1_107' title='bbox 137 2280 266 2375; x_wconf 81' lang='lat' dir='ltr'><strong>diligit,</strong></span> <span class='ocrx_word' id='word_1_108' title='bbox 293 2276 394 2368; x_wconf 86' lang='lat' dir='ltr'>quod</span> <span class='ocrx_word' id='word_1_109' title='bbox 413 2295 489 2351; x_wconf 84' lang='lat' dir='ltr'>nen</span> <span class='ocrx_word' id='word_1_110' title='bbox 507 2276 629 2369; x_wconf 86' lang='lat' dir='ltr'>debet,</span> <span class='ocrx_word' id='word_1_111' title='bbox 656 2275 829 2368; x_wconf 86' lang='lat' dir='ltr'>autquod</span> <span class='ocrx_word' id='word_1_112' title='bbox 844 2275 966 2369; x_wconf 90' lang='lat' dir='ltr'>debet,</span> <span class='ocrx_word' id='word_1_113' title='bbox 990 2276 1120 2374; x_wconf 80' lang='lat' dir='ltr'>diligit,</span> <span class='ocrx_word' id='word_1_114' title='bbox 1147 2274 1209 2352; x_wconf 87' lang='lat' dir='ltr'>sed</span> <span class='ocrx_word' id='word_1_115' title='bbox 1232 2339 1235 2344; x_wconf 90' lang='lat'>.</span> 
     </span>
     <span class='ocr_line' id='line_1_19' title="bbox 136 2374 1209 2475; baseline -0.001 -24"><span class='ocrx_word' id='word_1_116' title='bbox 136 2381 218 2475; x_wconf 82' lang='lat' dir='ltr'>plus</span> <span class='ocrx_word' id='word_1_117' title='bbox 239 2375 338 2471; x_wconf 75' lang='lat' dir='ltr'>iusto</span> <span class='ocrx_word' id='word_1_118' title='bbox 362 2375 497 2473; x_wconf 86' lang='lat' dir='ltr'>diligit,</span> <span class='ocrx_word' id='word_1_119' title='bbox 530 2387 591 2451; x_wconf 88' lang='lat' dir='ltr'>aut</span> <span class='ocrx_word' id='word_1_120' title='bbox 609 2377 725 2449; x_wconf 87' lang='lat' dir='ltr'>minus</span> <span class='ocrx_word' id='word_1_121' title='bbox 742 2374 851 2467; x_wconf 78' lang='lat' dir='ltr'>juste.</span> <span class='ocrx_word' id='word_1_122' title='bbox 902 2375 945 2448; x_wconf 89' lang='lat' dir='ltr'>ln</span> <span class='ocrx_word' id='word_1_123' title='bbox 966 2375 1035 2449; x_wconf 89' lang='lat' dir='ltr'>isto</span> <span class='ocrx_word' id='word_1_124' title='bbox 1051 2396 1140 2473; x_wconf 90' lang='lat' dir='ltr'>ergo</span> <span class='ocrx_word' id='word_1_125' title='bbox 1154 2377 1209 2471; x_wconf 69' lang='lat' dir='ltr'>in·</span> 
     </span>
     <span class='ocr_line' id='line_1_20' title="bbox 139 2474 1208 2567; baseline 0 -17"><span class='ocrx_word' id='word_1_126' title='bbox 139 2478 308 2551; x_wconf 83' lang='lat' dir='ltr'>ordinata</span> <span class='ocrx_word' id='word_1_127' title='bbox 323 2474 393 2549; x_wconf 85' lang='lat' dir='ltr'>elle</span> <span class='ocrx_word' id='word_1_128' title='bbox 409 2476 561 2548; x_wconf 84' lang='lat' dir='ltr'>charitas</span> <span class='ocrx_word' id='word_1_129' title='bbox 578 2475 727 2548; x_wconf 82' lang='lat' dir='ltr'>dicitur:</span> <span class='ocrx_word' id='word_1_130' title='bbox 753 2475 871 2547; x_wconf 88' lang='lat' dir='ltr'>inillis</span> <span class='ocrx_word' id='word_1_131' title='bbox 887 2492 1002 2557; x_wconf 81' lang='lat' dir='ltr'>vern,</span> <span class='ocrx_word' id='word_1_132' title='bbox 1028 2478 1208 2567; x_wconf 84' lang='lat' dir='ltr'>quosval·</span> 
     </span>
     <span class='ocr_line' id='line_1_21' title="bbox 137 2572 1207 2671; baseline -0.001 -20"><span class='ocrx_word' id='word_1_133' title='bbox 137 2575 183 2651; x_wconf 87' lang='lat' dir='ltr'>de</span> <span class='ocrx_word' id='word_1_134' title='bbox 205 2596 346 2671; x_wconf 77' lang='lat' dir='ltr'>paucos</span> <span class='ocrx_word' id='word_1_135' title='bbox 372 2573 642 2665; x_wconf 86' lang='lat' dir='ltr'>arbitror&#39;eile,</span> <span class='ocrx_word' id='word_1_136' title='bbox 677 2575 736 2667; x_wconf 89' lang='lat' dir='ltr'>qui</span> <span class='ocrx_word' id='word_1_137' title='bbox 763 2572 899 2646; x_wconf 88' lang='lat' dir='ltr'>scilicet</span> <span class='ocrx_word' id='word_1_138' title='bbox 915 2596 981 2668; x_wconf 90' lang='lat' dir='ltr'>per</span> <span class='ocrx_word' id='word_1_139' title='bbox 1000 2577 1097 2650; x_wconf 85' lang='lat' dir='ltr'>viam</span> <span class='ocrx_word' id='word_1_140' title='bbox 1119 2578 1207 2650; x_wconf 71' lang='lat' dir='ltr'>vita,</span> 
     </span>
     <span class='ocr_line' id='line_1_22' title="bbox 136 2673 1208 2768; baseline -0.002 -17"><span class='ocrx_word' id='word_1_141' title='bbox 136 2677 328 2768; x_wconf 86' lang='lat' dir='ltr'>incedunt,</span> <span class='ocrx_word' id='word_1_142' title='bbox 355 2675 482 2747; x_wconf 79' lang='lat' dir='ltr'><strong>&amp;non</strong></span> <span class='ocrx_word' id='word_1_143' title='bbox 496 2675 692 2764; x_wconf 87' lang='lat' dir='ltr'>declinant,</span> <span class='ocrx_word' id='word_1_144' title='bbox 719 2694 838 2764; x_wconf 89' lang='lat' dir='ltr'>neque</span> <span class='ocrx_word' id='word_1_145' title='bbox 856 2673 898 2745; x_wconf 90' lang='lat' dir='ltr'>ad</span> <span class='ocrx_word' id='word_1_146' title='bbox 919 2673 1119 2765; x_wconf 85' lang='lat' dir='ltr'>dexteram,</span> <span class='ocrx_word' id='word_1_147' title='bbox 1145 2696 1208 2749; x_wconf 86' lang='lat' dir='ltr'>ne·</span> 
     </span>
     <span class='ocr_line' id='line_1_23' title="bbox 136 2771 1205 2869; baseline -0.002 -19"><span class='ocrx_word' id='word_1_148' title='bbox 136 2797 208 2869; x_wconf 89' lang='lat' dir='ltr'>que</span> <span class='ocrx_word' id='word_1_149' title='bbox 231 2774 276 2848; x_wconf 90' lang='lat' dir='ltr'>ad</span> <span class='ocrx_word' id='word_1_150' title='bbox 299 2774 489 2866; x_wconf 80' lang='lat' dir='ltr'>sinistram,</span> <span class='ocrx_word' id='word_1_151' title='bbox 525 2775 561 2846; x_wconf 88' lang='lat' dir='ltr'>in</span> <span class='ocrx_word' id='word_1_152' title='bbox 576 2773 656 2868; x_wconf 81' lang='lat' dir='ltr'>ipsis</span> <span class='ocrx_word' id='word_1_153' title='bbox 678 2771 761 2845; x_wconf 90' lang='lat' dir='ltr'>solis</span> <span class='ocrx_word' id='word_1_154' title='bbox 779 2773 946 2846; x_wconf 89' lang='lat' dir='ltr'>ordinata</span> <span class='ocrx_word' id='word_1_155' title='bbox 960 2771 1011 2846; x_wconf 92' lang='lat' dir='ltr'>est</span> <span class='ocrx_word' id='word_1_156' title='bbox 1028 2774 1205 2869; x_wconf 79' lang='lat' dir='ltr'>charitas,</span> 
     </span>
     <span class='ocr_line' id='line_1_24' title="bbox 136 2870 1207 2963; baseline -0.004 -12"><span class='ocrx_word' id='word_1_157' title='bbox 136 2875 352 2951; x_wconf 84' lang='lat' dir='ltr'>&amp;ordinem</span> <span class='ocrx_word' id='word_1_158' title='bbox 365 2873 463 2947; x_wconf 89' lang='lat' dir='ltr'>suum</span> <span class='ocrx_word' id='word_1_159' title='bbox 479 2888 592 2947; x_wconf 86' lang='lat' dir='ltr'>tenet.</span> <span class='ocrx_word' id='word_1_160' title='bbox 645 2870 708 2944; x_wconf 85' lang='lat' dir='ltr'>Est</span> <span class='ocrx_word' id='word_1_161' title='bbox 723 2885 842 2945; x_wconf 89' lang='lat' dir='ltr'>autem</span> <span class='ocrx_word' id='word_1_162' title='bbox 861 2872 953 2945; x_wconf 92' lang='lat' dir='ltr'>ordo</span> <span class='ocrx_word' id='word_1_163' title='bbox 969 2874 1043 2963; x_wconf 88' lang='lat' dir='ltr'>ejus</span> <span class='ocrx_word' id='word_1_164' title='bbox 1062 2874 1207 2948; x_wconf 85' lang='lat' dir='ltr'>&amp;rnen-</span> 
     </span>
     <span class='ocr_line' id='line_1_25' title="bbox 135 2970 1247 3069; baseline -0.004 -19"><span class='ocrx_word' id='word_1_165' title='bbox 135 2975 215 3050; x_wconf 86' lang='lat' dir='ltr'>snra</span> <span class='ocrx_word' id='word_1_166' title='bbox 237 2973 464 3067; x_wconf 87' lang='lat' dir='ltr'>hujusmodi,</span> <span class='ocrx_word' id='word_1_167' title='bbox 502 2972 604 3045; x_wconf 87' lang='lat' dir='ltr'>verbi</span> <span class='ocrx_word' id='word_1_168' title='bbox 625 2974 755 3069; x_wconf 89' lang='lat' dir='ltr'>gratia,</span> <span class='ocrx_word' id='word_1_169' title='bbox 784 2970 902 3045; x_wconf 88' lang='lat' dir='ltr'>Deum</span> <span class='ocrx_word' id='word_1_170' title='bbox 923 2971 1068 3067; x_wconf 86' lang='lat' dir='ltr'>diligere</span> <span class='ocrx_word' id='word_1_171' title='bbox 1085 2975 1216 3047; x_wconf 87' lang='lat' dir='ltr'>nullus·</span> <span class='ocrx_word' id='word_1_172' title='bbox 1232 2995 1247 3020; x_wconf 75' lang='lat'>‚-</span> 
     </span>
     <span class='ocr_line' id='line_1_26' title="bbox 136 3069 1207 3167; baseline -0.005 -16"><span class='ocrx_word' id='word_1_173' title='bbox 136 3074 290 3167; x_wconf 89' lang='lat' dir='ltr'>modus,</span> <span class='ocrx_word' id='word_1_174' title='bbox 313 3073 410 3146; x_wconf 85' lang='lat' dir='ltr'>nulla</span> <span class='ocrx_word' id='word_1_175' title='bbox 424 3069 585 3145; x_wconf 86' lang='lat' dir='ltr'>mensura</span> <span class='ocrx_word' id='word_1_176' title='bbox 599 3071 672 3164; x_wconf 89' lang='lat' dir='ltr'>est,</span> <span class='ocrx_word' id='word_1_177' title='bbox 698 3072 761 3145; x_wconf 87' lang='lat' dir='ltr'>nisr</span> <span class='ocrx_word' id='word_1_178' title='bbox 775 3073 850 3144; x_wconf 81' lang='lat' dir='ltr'>haec</span> <span class='ocrx_word' id='word_1_179' title='bbox 866 3069 953 3161; x_wconf 89' lang='lat' dir='ltr'>sola,</span> <span class='ocrx_word' id='word_1_180' title='bbox 980 3085 1021 3142; x_wconf 88' lang='lat' dir='ltr'>ut</span> <span class='ocrx_word' id='word_1_181' title='bbox 1037 3073 1068 3143; x_wconf 91' lang='lat' dir='ltr'>ei</span> <span class='ocrx_word' id='word_1_182' title='bbox 1083 3084 1207 3148; x_wconf 88' lang='lat' dir='ltr'>totum</span> 
     </span>
     <span class='ocr_line' id='line_1_27' title="bbox 137 3168 1207 3266; baseline -0.005 -16"><span class='ocrx_word' id='word_1_183' title='bbox 137 3176 331 3265; x_wconf 83' lang='lat' dir='ltr'>exhibeas,</span> <span class='ocrx_word' id='word_1_184' title='bbox 359 3184 529 3264; x_wconf 89' lang='lat' dir='ltr'>quantum</span> <span class='ocrx_word' id='word_1_185' title='bbox 548 3171 669 3254; x_wconf 85' lang='lat' dir='ltr'>habes.</span> <span class='ocrx_word' id='word_1_186' title='bbox 723 3170 765 3242; x_wconf 92' lang='lat' dir='ltr'>ln</span> <span class='ocrx_word' id='word_1_187' title='bbox 782 3168 923 3242; x_wconf 86' lang='lat' dir='ltr'>Christo</span> <span class='ocrx_word' id='word_1_188' title='bbox 945 3171 1039 3243; x_wconf 88' lang='lat' dir='ltr'>enim</span> <span class='ocrx_word' id='word_1_189' title='bbox 1059 3170 1145 3266; x_wconf 75' lang='lat' dir='ltr'>Jeisr</span> <span class='ocrx_word' id='word_1_190' title='bbox 1155 3172 1207 3246; x_wconf 91' lang='lat' dir='ltr'>di-</span> 
     </span>
     <span class='ocr_line' id='line_1_28' title="bbox 135 3269 1203 3373; baseline -0.005 -25"><span class='ocrx_word' id='word_1_191' title='bbox 135 3273 302 3373; x_wconf 89' lang='lat' dir='ltr'>ligendus</span> <span class='ocrx_word' id='word_1_192' title='bbox 325 3270 376 3346; x_wconf 90' lang='lat' dir='ltr'>est</span> <span class='ocrx_word' id='word_1_193' title='bbox 392 3271 494 3343; x_wconf 87' lang='lat' dir='ltr'>Deus</span> <span class='ocrx_word' id='word_1_194' title='bbox 516 3291 562 3343; x_wconf 82' lang='lat' dir='ltr'>ex</span> <span class='ocrx_word' id='word_1_195' title='bbox 583 3269 816 3350; x_wconf 81' lang='lat' dir='ltr'>totocorde,</span> <span class='ocrx_word' id='word_1_196' title='bbox 849 3270 882 3339; x_wconf 70' lang='grc' dir='ltr'>ἃ</span> <span class='ocrx_word' id='word_1_197' title='bbox 903 3292 948 3342; x_wconf 86' lang='lat' dir='ltr'>ex</span> <span class='ocrx_word' id='word_1_198' title='bbox 966 3284 1047 3342; x_wconf 83' lang='lat' dir='ltr'>tote</span> <span class='ocrx_word' id='word_1_199' title='bbox 1067 3273 1203 3363; x_wconf 84' lang='lat' dir='ltr'>anima,</span> 
     </span>
     <span class='ocr_line' id='line_1_29' title="bbox 135 3364 1205 3463; baseline -0.001 -15"><span class='ocrx_word' id='word_1_200' title='bbox 135 3375 169 3448; x_wconf 78' lang='lat' dir='ltr'>dr</span> <span class='ocrx_word' id='word_1_201' title='bbox 192 3395 240 3447; x_wconf 83' lang='lat' dir='ltr'>ex</span> <span class='ocrx_word' id='word_1_202' title='bbox 263 3375 353 3445; x_wconf 87' lang='lat' dir='ltr'>totis</span> <span class='ocrx_word' id='word_1_203' title='bbox 377 3372 525 3444; x_wconf 88' lang='lat' dir='ltr'>viribus.</span> <span class='ocrx_word' id='word_1_204' title='bbox 575 3369 617 3446; x_wconf 91' lang='lat' dir='ltr'>ln</span> <span class='ocrx_word' id='word_1_205' title='bbox 637 3368 712 3444; x_wconf 91' lang='lat' dir='ltr'>hoc</span> <span class='ocrx_word' id='word_1_206' title='bbox 736 3389 823 3463; x_wconf 89' lang='lat' dir='ltr'>ergo</span> <span class='ocrx_word' id='word_1_207' title='bbox 841 3371 938 3441; x_wconf 88' lang='lat' dir='ltr'>nulla</span> <span class='ocrx_word' id='word_1_208' title='bbox 960 3368 1122 3444; x_wconf 83' lang='lat' dir='ltr'>mensura</span> <span class='ocrx_word' id='word_1_209' title='bbox 1141 3364 1205 3447; x_wconf 64' lang='lat' dir='ltr'>est,</span> 
     </span>
    </p>
   </div>
   <div class='ocr_carea' id='block_1_4' title="bbox 135 3466 1241 3960">
    <p class='ocr_par' dir='ltr' id='par_1_4' title="bbox 135 3466 1241 3960">
     <span class='ocr_line' id='line_1_30' title="bbox 135 3466 1207 3570; baseline -0.007 -22"><span class='ocrx_word' id='word_1_210' title='bbox 135 3474 301 3570; x_wconf 89' lang='lat' dir='ltr'>Diligere</span> <span class='ocrx_word' id='word_1_211' title='bbox 316 3491 407 3545; x_wconf 90' lang='lat' dir='ltr'>vero</span> <span class='ocrx_word' id='word_1_212' title='bbox 422 3469 643 3564; x_wconf 84' lang='lat' dir='ltr'>proximum,</span> <span class='ocrx_word' id='word_1_213' title='bbox 670 3468 721 3541; x_wconf 88' lang='lat' dir='ltr'>est</span> <span class='ocrx_word' id='word_1_214' title='bbox 730 3466 892 3543; x_wconf 85' lang='lat' dir='ltr'>mensura</span> <span class='ocrx_word' id='word_1_215' title='bbox 909 3469 1035 3562; x_wconf 85' lang='lat' dir='ltr'>aliqua.</span> <span class='ocrx_word' id='word_1_216' title='bbox 1092 3474 1207 3548; x_wconf 67' lang='lat' dir='ltr'>Prosci·</span> 
     </span>
     <span class='ocr_line' id='line_1_31' title="bbox 135 3566 1205 3665; baseline -0.003 -21"><span class='ocrx_word' id='word_1_217' title='bbox 135 3567 240 3660; x_wconf 71' lang='lat' dir='ltr'>snum,</span> <span class='ocrx_word' id='word_1_218' title='bbox 273 3571 411 3662; x_wconf 82' lang='lat' dir='ltr'>inquit,</span> <span class='ocrx_word' id='word_1_219' title='bbox 442 3586 533 3640; x_wconf 77' lang='lat' dir='ltr'>tuum</span> <span class='ocrx_word' id='word_1_220' title='bbox 555 3569 654 3663; x_wconf 79' lang='lat' dir='ltr'>dilige</span> <span class='ocrx_word' id='word_1_221' title='bbox 659 3570 743 3663; x_wconf 76' lang='lat' dir='ltr'>fitur</span> <span class='ocrx_word' id='word_1_222' title='bbox 769 3583 799 3636; x_wconf 79' lang='lat' dir='ltr'>te</span> <span class='ocrx_word' id='word_1_223' title='bbox 822 3566 931 3661; x_wconf 73' lang='lat' dir='ltr'>ipsum.</span> <span class='ocrx_word' id='word_1_224' title='bbox 980 3568 1014 3640; x_wconf 85' lang='lat' dir='ltr'>Si</span> <span class='ocrx_word' id='word_1_225' title='bbox 1036 3590 1122 3665; x_wconf 84' lang='lat' dir='ltr'>ergo</span> <span class='ocrx_word' id='word_1_226' title='bbox 1142 3583 1205 3642; x_wconf 82' lang='lat' dir='ltr'>aut</span> 
     </span>
     <span class='ocr_line' id='line_1_32' title="bbox 135 3664 1204 3762; baseline -0.005 -16"><span class='ocrx_word' id='word_1_227' title='bbox 135 3673 172 3746; x_wconf 93' lang='lat' dir='ltr'>in</span> <span class='ocrx_word' id='word_1_228' title='bbox 192 3671 267 3745; x_wconf 90' lang='lat' dir='ltr'>Dei</span> <span class='ocrx_word' id='word_1_229' title='bbox 288 3669 479 3743; x_wconf 76' lang='lat' dir='ltr'>diledlione</span> <span class='ocrx_word' id='word_1_230' title='bbox 495 3670 612 3741; x_wconf 87' lang='lat' dir='ltr'>minus</span> <span class='ocrx_word' id='word_1_231' title='bbox 631 3665 762 3759; x_wconf 88' lang='lat' dir='ltr'>aliquid</span> <span class='ocrx_word' id='word_1_232' title='bbox 777 3664 924 3759; x_wconf 84' lang='lat' dir='ltr'>feceris,</span> <span class='ocrx_word' id='word_1_233' title='bbox 952 3687 1056 3759; x_wconf 90' lang='lat' dir='ltr'>quam</span> <span class='ocrx_word' id='word_1_234' title='bbox 1072 3680 1204 3762; x_wconf 88' lang='lat' dir='ltr'>potes,</span> 
     </span>
     <span class='ocr_line' id='line_1_33' title="bbox 135 3765 1206 3863; baseline -0.003 -17"><span class='ocrx_word' id='word_1_235' title='bbox 135 3774 170 3846; x_wconf 83' lang='lat' dir='ltr'>dr</span> <span class='ocrx_word' id='word_1_236' title='bbox 185 3792 295 3863; x_wconf 84' lang='lat' dir='ltr'>quem</span> <span class='ocrx_word' id='word_1_237' title='bbox 311 3771 348 3842; x_wconf 90' lang='lat' dir='ltr'>in</span> <span class='ocrx_word' id='word_1_238' title='bbox 362 3769 499 3856; x_wconf 82' lang='lat' dir='ltr'>viribus</span> <span class='ocrx_word' id='word_1_239' title='bbox 519 3769 588 3840; x_wconf 89' lang='lat' dir='ltr'>tuis</span> <span class='ocrx_word' id='word_1_240' title='bbox 601 3765 671 3840; x_wconf 89' lang='lat' dir='ltr'>est:</span> <span class='ocrx_word' id='word_1_241' title='bbox 698 3779 760 3838; x_wconf 86' lang='lat' dir='ltr'>aut</span> <span class='ocrx_word' id='word_1_242' title='bbox 778 3767 871 3838; x_wconf 88' lang='lat' dir='ltr'>inter</span> <span class='ocrx_word' id='word_1_243' title='bbox 891 3782 928 3840; x_wconf 88' lang='lat' dir='ltr'>te</span> <span class='ocrx_word' id='word_1_244' title='bbox 949 3766 1206 3861; x_wconf 81' lang='lat' dir='ltr'>&amp;proximum</span> 
     </span>
     <span class='ocr_line' id='line_1_34' title="bbox 135 3863 1241 3960; baseline -0.005 -14"><span class='ocrx_word' id='word_1_245' title='bbox 135 3887 239 3946; x_wconf 89' lang='lat' dir='ltr'>tuum</span> <span class='ocrx_word' id='word_1_246' title='bbox 256 3890 332 3943; x_wconf 90' lang='lat' dir='ltr'>non</span> <span class='ocrx_word' id='word_1_247' title='bbox 347 3867 546 3942; x_wconf 77' lang='lat' dir='ltr'>servaveris</span> <span class='ocrx_word' id='word_1_248' title='bbox 563 3868 789 3957; x_wconf 82' lang='lat' dir='ltr'>aequitatem,</span> <span class='ocrx_word' id='word_1_249' title='bbox 815 3863 874 3938; x_wconf 91' lang='lat' dir='ltr'>sed</span> <span class='ocrx_word' id='word_1_250' title='bbox 888 3867 1019 3960; x_wconf 88' lang='lat' dir='ltr'>aliquid</span> <span class='ocrx_word' id='word_1_251' title='bbox 1036 3866 1205 3940; x_wconf 85' lang='lat' dir='ltr'>differen·</span> <span class='ocrx_word' id='word_1_252' title='bbox 1239 3905 1241 3910; x_wconf 96' lang='lat'>·</span> 
     </span>
    </p>
   </div>
   <div class='ocr_carea' id='block_1_5' title="bbox 134 3962 1215 4466">
    <p class='ocr_par' dir='ltr' id='par_1_5' title="bbox 134 3962 1215 4466">
     <span class='ocr_line' id='line_1_35' title="bbox 135 3962 1207 4058; baseline -0.008 -13"><span class='ocrx_word' id='word_1_253' title='bbox 135 3970 398 4045; x_wconf 85' lang='lat' dir='ltr'>tiaehabueris:</span> <span class='ocrx_word' id='word_1_254' title='bbox 424 3988 500 4040; x_wconf 91' lang='lat' dir='ltr'>non</span> <span class='ocrx_word' id='word_1_255' title='bbox 516 3963 568 4040; x_wconf 89' lang='lat' dir='ltr'>est</span> <span class='ocrx_word' id='word_1_256' title='bbox 584 3968 620 4038; x_wconf 89' lang='lat' dir='ltr'>in</span> <span class='ocrx_word' id='word_1_257' title='bbox 635 3980 672 4037; x_wconf 90' lang='lat' dir='ltr'>te</span> <span class='ocrx_word' id='word_1_258' title='bbox 687 3966 840 4038; x_wconf 86' lang='lat' dir='ltr'>charitas</span> <span class='ocrx_word' id='word_1_259' title='bbox 857 3967 1037 4058; x_wconf 86' lang='lat' dir='ltr'>ordinata,</span> <span class='ocrx_word' id='word_1_260' title='bbox 1056 3962 1132 4039; x_wconf 60' lang='lat' dir='ltr'>&#39;nec</span> <span class='ocrx_word' id='word_1_261' title='bbox 1146 3986 1207 4038; x_wconf 86' lang='lat' dir='ltr'>or·</span> 
     </span>
     <span class='ocr_line' id='line_1_36' title="bbox 135 4064 1207 4155; baseline -0.005 -11"><span class='ocrx_word' id='word_1_262' title='bbox 135 4070 259 4145; x_wconf 86' lang='lat' dir='ltr'>dinem</span> <span class='ocrx_word' id='word_1_263' title='bbox 277 4068 377 4142; x_wconf 84' lang='lat' dir='ltr'>suurn</span> <span class='ocrx_word' id='word_1_264' title='bbox 392 4082 532 4142; x_wconf 89' lang='lat' dir='ltr'>tenens.</span> <span class='ocrx_word' id='word_1_265' title='bbox 573 4066 713 4140; x_wconf 89' lang='lat' dir='ltr'>Verum</span> <span class='ocrx_word' id='word_1_266' title='bbox 728 4066 895 4155; x_wconf 85' lang='lat' dir='ltr'>quoniam</span> <span class='ocrx_word' id='word_1_267' title='bbox 910 4068 1017 4138; x_wconf 89' lang='lat' dir='ltr'>nobis</span> <span class='ocrx_word' id='word_1_268' title='bbox 1033 4064 1147 4138; x_wconf 86' lang='lat' dir='ltr'>sermo</span> <span class='ocrx_word' id='word_1_269' title='bbox 1159 4064 1207 4146; x_wconf 88' lang='lat' dir='ltr'>de</span> 
     </span>
     <span class='ocr_line' id='line_1_37' title="bbox 135 4164 1205 4261; baseline -0.007 -17"><span class='ocrx_word' id='word_1_270' title='bbox 135 4169 459 4244; x_wconf 88' lang='lat' dir='ltr'>ordinecharitatis</span> <span class='ocrx_word' id='word_1_271' title='bbox 469 4164 533 4255; x_wconf 86' lang='lat' dir='ltr'>est,</span> <span class='ocrx_word' id='word_1_272' title='bbox 549 4164 753 4261; x_wconf 83' lang='lat' dir='ltr'>diligentins</span> <span class='ocrx_word' id='word_1_273' title='bbox 763 4164 1205 4259; x_wconf 78' lang='lat' dir='ltr'>persingularequiramus,</span> 
     </span>
     <span class='ocr_line' id='line_1_38' title="bbox 134 4262 1215 4445; baseline -0.005 -99"><span class='ocrx_word' id='word_1_274' title='bbox 134 4271 199 4346; x_wconf 87' lang='lat' dir='ltr'>vel</span> <span class='ocrx_word' id='word_1_275' title='bbox 219 4287 316 4364; x_wconf 89' lang='lat' dir='ltr'>quos</span> <span class='ocrx_word' id='word_1_276' title='bbox 338 4265 455 4364; x_wconf 81' lang='lat' dir='ltr'>diligi,</span> <span class='ocrx_word' id='word_1_277' title='bbox 483 4265 544 4341; x_wconf 88' lang='lat' dir='ltr'>vel</span> <span class='ocrx_word' id='word_1_278' title='bbox 562 4275 735 4438; x_wconf 46' lang='lat' dir='ltr'>quaffium</span> <span class='ocrx_word' id='word_1_279' title='bbox 757 4263 854 4365; x_wconf 83' lang='lat' dir='ltr'>diligi</span> <span class='ocrx_word' id='word_1_280' title='bbox 875 4277 1062 4362; x_wconf 79' lang='lat' dir='ltr'>oporteat</span> <span class='ocrx_word' id='word_1_281' title='bbox 1111 4262 1215 4445; x_wconf 47' lang='grc' dir='ltr'>ἔξω</span> 
     </span>
     <span class='ocr_line' id='line_1_39' title="bbox 690 4387 1185 4466; baseline -0.01 5"><span class='ocrx_word' id='word_1_282' title='bbox 690 4387 718 4460; x_wconf 75' lang='grc'><strong>4</strong></span> <span class='ocrx_word' id='word_1_283' title='bbox 1166 4419 1185 4466; x_wconf 82' lang='lat' dir='ltr'>s</span> 
     </span>
    </p>
   </div>
   <div class='ocr_carea' id='block_1_6' title="bbox 0 0 1372 4859">
    <p class='ocr_par' dir='ltr' id='par_1_6' title="bbox 0 0 1372 4859">
     <span class='ocr_line' id='line_1_40' title="bbox 0 0 1372 4859; baseline 0 0"><span class='ocrx_word' id='word_1_284' title='bbox 0 0 1372 4859; x_wconf 95' lang='lat' dir='ltr'> </span> 
     </span>
    </p>
   </div>
  </div>
 </body>
</html>
