2734 4859
466 552 913 637 noututnt
1146 587 1218 659 355

138 721 338 818 supientia,
370 716 560 814 profecille
587 707 717 812 aet'ate,
754 709 946 813 profeciss'e
975 722 1088 819 gratia
1120 726 1215 819 apud

138 823 280 913 Deum,
307 818 451 913 &apud
464 819 643 913 homines,
670 819 705 891 ἀ
719 837 808 893 vera
823 818 870 894 de
885 827 935 894 eo'
948 820 1018 895 elle
1032 818 1108 907 ista,
1135 845 1214 917 quae

140 923 236 997 dista
260 922 361 993 sunt:
391 922 579 1015 Priusquam
595 920 751 1011 cognoscat
766 940 847 1013 puer
864 915 979 993 bouum
996 909 1057 996 ἆυ)
1072 925 1210 1022 Mum,

143 1022 181 1096 ἃ
194 1042 262 1112 ea,
289 1040 366 1111 quae
385 1015 429 1091 de
448 1017 576 1091 eodem
593 1007 895 1110 interposuimus?

220 1129 255 1199 8.
279 1117 348 1191 Sed
371 1115 466 1189 dicet
491 1110 575 1189 mibi
603 1116 745 1207 aliquis:
782 1111 923 1192 Etiamsi
940 1097 1060 1211 pote'st
1075 1111 1120 1195 de
1136 1113 1210 1197 Sal·

143 1233 275 1294 vatore
296 1217 445 1311 intelligi
462 1211 591 1290 diuum
613 1214 702 1308 elle,
738 1219 819 1308 quia
835 1215 1056 1311 nescius&
1077 1238 1207 1298 caetera

142 1313 369 1411 hujusmodi,
404 1336 479 1407 quae
494 1317 628 1405 majora
644 1315 748 1408 sunt,
783 1315 857 1388 &ll
879 1332 1028 1407 puerum
1049 1337 1129 1395 eum
1149 1336 1206 1396 uc·

145 1420 277 1513 cipias,
301 1434 425 1489 nonne
441 1411 616 1504 offendis,
649 1411 711 1488 ista
730 1408 914 1488 sentiendo
930 1412 974 1489 de
996 1419 1205 1513 unigenito,

143 1517 181 1592 tc
206 1517 446 1611 primogenito
464 1511 635 1587 universae
650 1529 843 1603 creaturae3
869 1514 913 1586 de
934 1536 1005 1608 eo,
1034 1519 1116 1610 qui,
1144 1535 1204 1595 an·

144 1622 288 1707 tequam
307 1615 581 1706 conciperetur,
609 1614 837 1687 annuntlatus
855 1612 905 1687 est
917 1609 1090 1707 loquente
1106 1616 1204 1692 Gab-

142 1713 250 1788 riele:
283 1718 429 1809 Spiritus
440 1710 571 1801 santius
586 1723 695 1784 ueniet
709 1715 804 1808 super
820 1726 868 1797 te,
899 1711 938 1787 db
957 1719 1066 1784 uirtus
1083 1715 1222 1807 aliiffa‘

143 1822 188 1886 mr·
204 1812 390 1885 obumbrabit
405 1828 455 1884 te:
482 1812 515 1885 b:
531 1811 636 1885 audes
652 1814 792 1905 dicere,
821 1812 902 1903 quia
918 1807 1051 1886 nesciat
1069 1813 1169 1908 loqui
1179 1814 1207 1893 ἶ

143 1913 391 2013 Quamobrem
413 1909 571 2002 videb0‚
606 1910 629 1985 sr
661 1926 794 2004 potero
823 1912 953 2003 aliquid
983 1911 1125 2007 dig'num
1153 1915 1200 1990 da

142 2009 332 2087 Salvatore
350 2007 386 2084 in
409 2011 588 2083 hocloco
610 2003 760 2103 afferre,
796 2010 894 2102 quod
916 2005 1198 2101 quadannesct·
1226 2079 1234 2087 .

97 2171 99 2175 .
141 2127 228 2204 ens,
266 2109 380 2203 major
405 2105 466 2201 fit,
503 2109 594 2183 srea
619 2111 861 2207 ignoraverit,
900 2106 1044 2201 quamsl
1068 2107 1195 2191 scierit.

141 2205 296 2286 Utamur
316 2231 412 2283 uoce
435 2210 533 2302 ejus,
568 2207 754 2301 quomodo
772 2207 838 2283 bnt
857 2211 992 2301 aliqua,
1029 2204 1199 2302 quanes·

142 2307 224 2386 ciat.
275 2304 477 2402 Respondit
501 2310 571 2402 eis,
605 2311 662 2401 qui
678 2303 739 2382 fibi
758 2306 941 2382 dicebant:
977 2308 1098 2385 Nonne
1124 2304 1194 2409 (in

140 2414 267 2483 numine
290 2425 346 2482 tuo
363 2410 557 2497 comedimus,
583 2410 621 2485 (5
635 2416 672 2479 in
685 2416 811 2479 nomime
825 2424 880 2480 trra
894 2407 1040 2498 bibims,
1064 2410 1132 2503 Ο)
1157 2415 1195 2483 in

140 2515 268 2581 numine
279 2525 331 2580 ruo
350 2511 514 2580 Damania
526 2513 678 2605 ejecimus,
704 2506 743 2586 (5
758 2502 1197 2602 virtutermrrltassecimusb

145 2612 414 2697 urntbmame,
440 2614 676 2681 amaminor.
726 2604 879 2680 Putasne
893 2604 987 2700 hoc,
1013 2601 1191 2701 quodaitt

145 2710 222 2782 Non
237 2714 316 2779 mvi
337 2733 415 2800 ms,
449 2708 621 2782 minorem
637 2709 712 2799 ejus
726 2708 896 2780 uirtutem
914 2707 1111 2800 approbat,
1144 2724 1189 2783 aa

141 2809 313 2900 majorem
354 2824 460 2897 atque
492 2805 711 2899 mirabilem,
750 2808 830 2902 quia
859 2803 971 2878 malos
996 2808 1192 2900 perituros·
1287 2838 1293 2857 κ

143 2922 211 2998 que
232 2901 394 2981 nolent?-
430 2899 506 2977 Scit
523 2907 615 2978 enim
634 2899 676 2977 ab
695 2907 748 2977 his
764 2903 1002 2997 differentias,
1036 2905 1100 2977 scit
1119 2923 1191 2980 me·

141 3002 251 3100 liora,
278 3004 341 3079 scit
359 2999 534 3078 Dominus
556 3026 639 3098 eos,
666 3003 725 3095 qui
743 3004 816 3095 ejus
831 3002 929 3076 suntt
962 3003 996 3077 dc
1013 3003 1127 3101 fiqur's
1145 3011 1189 3100 bg·

140 3125 255 3192 norm,
283 3108 457 3199 ignoratur.
508 3099 638 3199 Igitur,
662 3116 705 3176 ut
721 3103 879 3193 constat,
904 3114 1076 3195 peccator
1088 3099 1189 3200 igno·

140 3217 240 3277 ratur
260 3227 280 3278 a
303 3205 399 3278 Deo.
449 3201 559 3298 Dicet
574 3203 657 3276 mibi
672 3202 795 3292 aliquis
812 3202 857 3273 de
873 3194 1111 3275 auditoribus:
1137 3203 1188 3275 Ο·

138 3303 314 3393 stendisti,
348 3300 427 3394 quia
449 3301 581 3375 nesciat
605 3316 815 3394 peccatores
830 3296 950 3392 Deus,
987 3296 1189 3395 ostendisti,

140 3406 221 3496 quia
237 3406 380 3497 ignoret
399 3421 484 3492 eos,
521 3400 579 3493 qui
597 3412 793 3494 operantur
805 3399 1048 3490 iniquitatemt
1071 3419 1188 3492 neque

139 3503 233 3577 enim
249 3502 342 3599 digni
358 3502 438 3574 sunt
449 3501 630 3595 agnitione
639 3501 735 3592 eJ‘ust
761 3495 946 3592 quomodo
959 3496 1187 3595 approbabis,

138 3619 302 3699 magnum
331 3601 365 3673 bt
385 3592 576 3697 gloriosum
601 3597 689 3691 elle,
728 3598 825 3691 quod
845 3596 950 3671 abeo
969 3596 1098 3673 ditium
1118 3597 1187 3674 esta

140 3702 254 3791 Nescio
270 3703 369 3799 loqui,
395 3698 492 3791 quod
509 3701 698 3774 humanum
713 3697 777 3791 est,
804 3696 837 3769 ἀ
855 3695 1000 3791 eloquio
1021 3690 1108 3791 sepe
1119 3697 1188 3771 titi·

137 3820 239 3894 mur,
275 3801 378 3873 verbi
395 3795 515 3891 causa,
549 3794 785 3873 Hebraeorum
805 3811 922 3887 uoce,
951 3794 1025 3870 llua
1041 3795 1187 3870 Grato·

139 3918 241 3992 rum,
265 3900 566 3990 livereliquorum
576 3893 765 3972 sermone?
789 3891 920 3992 Ergoll
934 3889 1187 3970 ascendetisad

137 3997 383 4089 Salvatorern‚
417 3997 450 4069 δι
477 3995 592 4071 scieris
610 4019 690 4074 eum
705 3993 742 4070 in
763 3993 940 4090 principio
956 3993 1048 4090 apud
1067 3993 1187 4070 Deum
1206 4011 1208 4013 ’

137 4094 323 4191 Verbum,
347 4092 501 4192 inspice,
528 4098 607 4189 quia
625 4092 757 4170 nesciat
776 4092 898 4187 loqui,
924 4092 1053 4188 (quum
1067 4092 1186 4166 huma·

138 4213 224 4274 num
247 4199 290 4275 lit
306 4196 400 4289 boc,
420 4195 530 4291 ·quod
549 4195 715 4373 dicitzur,¹
732 4191 852 4289 loqui,
881 4189 908 4269 u
928 4191 1012 4270 idco
1032 4186 1186 4305 nesclat,
1242 4291 1244 4296 Ι

680 4316 700 4369 a
1055 4305 1140 4384 quta
1269 4299 1272 4309 '
