<?xml version="1.0" encoding="UTF-8"?>
<!DOCTYPE html PUBLIC "-//W3C//DTD XHTML 1.0 Transitional//EN"
    "http://www.w3.org/TR/xhtml1/DTD/xhtml1-transitional.dtd">
<html xmlns="http://www.w3.org/1999/xhtml" xml:lang="en" lang="en">
 <head>
  <title>
</title>
<meta http-equiv="Content-Type" content="text/html;charset=utf-8" />
  <meta name='ocr-system' content='tesseract 3.04.00' />
  <meta name='ocr-capabilities' content='ocr_page ocr_carea ocr_par ocr_line ocrx_word'/>
</head>
<body>
  <div class='ocr_page' id='page_1' title='image "./operaomniasanct06unkngoog_0513.png"; bbox 0 0 2734 4859; ppageno 0'>
   <div class='ocr_carea' id='block_1_1' title="bbox 361 543 1147 715">
    <p class='ocr_par' dir='ltr' id='par_1_1' title="bbox 361 543 1147 715">
     <span class='ocr_line' id='line_1_1' title="bbox 361 543 1147 715; baseline 0 -27"><span class='ocrx_word' id='word_1_1' title='bbox 361 543 736 688; x_wconf 69' lang='grc' dir='ltr'><strong>ΗΟΜΙΠΑ</strong></span> <span class='ocrx_word' id='word_1_2' title='bbox 785 602 853 688; x_wconf 74' lang='grc' dir='ltr'><strong>ῙΧ.</strong></span> <span class='ocrx_word' id='word_1_3' title='bbox 947 601 950 606; x_wconf 73' lang='grc'><strong>’</strong></span> <span class='ocrx_word' id='word_1_4' title='bbox 1075 634 1147 715; x_wconf 80' lang='lat'><strong>⁴77</strong></span> 
     </span>
    </p>
   </div>
   <div class='ocr_carea' id='block_1_2' title="bbox 85 770 1271 4068">
    <p class='ocr_par' dir='ltr' id='par_1_2' title="bbox 85 770 1266 1473">
     <span class='ocr_line' id='line_1_2' title="bbox 90 770 1152 868; baseline -0.003 -16"><span class='ocrx_word' id='word_1_5' title='bbox 90 776 144 857; x_wconf 84' lang='lat' dir='ltr'><strong>Et</strong></span> <span class='ocrx_word' id='word_1_6' title='bbox 167 776 256 849; x_wconf 82' lang='lat' dir='ltr'><strong>dixit</strong></span> <span class='ocrx_word' id='word_1_7' title='bbox 280 776 438 846; x_wconf 80' lang='lat' dir='ltr'><strong>Dominus</strong></span> <span class='ocrx_word' id='word_1_8' title='bbox 461 773 502 845; x_wconf 86' lang='lat' dir='ltr'><strong>ad</strong></span> <span class='ocrx_word' id='word_1_9' title='bbox 522 791 594 847; x_wconf 77' lang='lat' dir='ltr'><strong>mut</strong></span> <span class='ocrx_word' id='word_1_10' title='bbox 622 776 715 866; x_wconf 67' lang='lat' dir='ltr'><strong>zaga,</strong></span> <span class='ocrx_word' id='word_1_11' title='bbox 732 774 829 844; x_wconf 74' lang='lat' dir='ltr'><strong>verte</strong></span> <span class='ocrx_word' id='word_1_12' title='bbox 846 770 919 868; x_wconf 75' lang='lat' dir='ltr'><strong>ifle</strong></span> <span class='ocrx_word' id='word_1_13' title='bbox 951 775 1152 849; x_wconf 81' lang='lat' dir='ltr'><strong>incivitate</strong></span> 
     </span>
     <span class='ocr_line' id='line_1_3' title="bbox 90 871 1146 980; baseline 0.004 -35"><span class='ocrx_word' id='word_1_14' title='bbox 90 877 208 980; x_wconf 77' lang='lat' dir='ltr'><strong>Juda,</strong></span> <span class='ocrx_word' id='word_1_15' title='bbox 232 874 274 951; x_wconf 68' lang='grc'><strong>(7</strong></span> <span class='ocrx_word' id='word_1_16' title='bbox 293 887 385 946; x_wconf 80' lang='lat' dir='ltr'><strong>extra</strong></span> <span class='ocrx_word' id='word_1_17' title='bbox 400 874 623 964; x_wconf 77' lang='lat' dir='ltr'><strong>Hierufialem:</strong></span> <span class='ocrx_word' id='word_1_18' title='bbox 648 871 756 947; x_wconf 82' lang='lat' dir='ltr'><strong>etiam</strong></span> <span class='ocrx_word' id='word_1_19' title='bbox 772 871 847 969; x_wconf 83' lang='lat' dir='ltr'><strong>his,</strong></span> <span class='ocrx_word' id='word_1_20' title='bbox 871 874 932 966; x_wconf 84' lang='lat' dir='ltr'><strong>qui</strong></span> <span class='ocrx_word' id='word_1_21' title='bbox 950 871 1038 949; x_wconf 82' lang='lat' dir='ltr'><strong>foris</strong></span> <span class='ocrx_word' id='word_1_22' title='bbox 1052 874 1146 972; x_wconf 84' lang='lat' dir='ltr'><strong>sunt,</strong></span> 
     </span>
     <span class='ocr_line' id='line_1_4' title="bbox 87 971 1145 1076; baseline 0.002 -27"><span class='ocrx_word' id='word_1_23' title='bbox 87 977 242 1076; x_wconf 84' lang='lat' dir='ltr'><strong>legimus</strong></span> <span class='ocrx_word' id='word_1_24' title='bbox 259 973 372 1047; x_wconf 89' lang='lat' dir='ltr'><strong>verba</strong></span> <span class='ocrx_word' id='word_1_25' title='bbox 391 972 536 1055; x_wconf 86' lang='lat' dir='ltr'><strong>divina,</strong></span> <span class='ocrx_word' id='word_1_26' title='bbox 561 979 811 1065; x_wconf 78' lang='lat' dir='ltr'><strong>provocantes</strong></span> <span class='ocrx_word' id='word_1_27' title='bbox 834 992 901 1046; x_wconf 87' lang='lat' dir='ltr'><strong>eos</strong></span> <span class='ocrx_word' id='word_1_28' title='bbox 920 971 963 1045; x_wconf 85' lang='lat' dir='ltr'><strong>od</strong></span> <span class='ocrx_word' id='word_1_29' title='bbox 986 972 1145 1053; x_wconf 87' lang='lat' dir='ltr'><strong>salutem.</strong></span> 
     </span>
     <span class='ocr_line' id='line_1_5' title="bbox 93 1063 1148 1175; baseline -0.002 -27"><span class='ocrx_word' id='word_1_30' title='bbox 93 1078 203 1155; x_wconf 75' lang='lat' dir='ltr'><strong>Verba</strong></span> <span class='ocrx_word' id='word_1_31' title='bbox 216 1075 392 1175; x_wconf 69' lang='lat' dir='ltr'><strong>testamenti</strong></span> <span class='ocrx_word' id='word_1_32' title='bbox 406 1073 522 1171; x_wconf 75' lang='lat' dir='ltr'><strong>hujus,</strong></span> <span class='ocrx_word' id='word_1_33' title='bbox 547 1074 588 1150; x_wconf 70' lang='grc' dir='ltr'>σ</span> <span class='ocrx_word' id='word_1_34' title='bbox 602 1071 708 1166; x_wconf 68' lang='lat' dir='ltr'><strong>facite</strong></span> <span class='ocrx_word' id='word_1_35' title='bbox 725 1074 797 1157; x_wconf 77' lang='lat' dir='ltr'><strong>ida,</strong></span> <span class='ocrx_word' id='word_1_36' title='bbox 822 1070 863 1149; x_wconf 67' lang='lat'><em>0</em></span> <span class='ocrx_word' id='word_1_37' title='bbox 879 1074 968 1146; x_wconf 81' lang='lat' dir='ltr'><strong>dixit</strong></span> <span class='ocrx_word' id='word_1_38' title='bbox 987 1063 1148 1147; x_wconf 77' lang='lat' dir='ltr'><strong>Dominus</strong></span> 
     </span>
     <span class='ocr_line' id='line_1_6' title="bbox 85 1172 1266 1268; baseline -0.017 -18"><span class='ocrx_word' id='word_1_39' title='bbox 85 1179 218 1253; x_wconf 83' lang='lat' dir='ltr'><strong>admit</strong></span> <span class='ocrx_word' id='word_1_40' title='bbox 246 1179 388 1250; x_wconf 81' lang='lat' dir='ltr'><strong>inorata</strong></span> <span class='ocrx_word' id='word_1_41' title='bbox 404 1174 443 1268; x_wconf 75' lang='lat' dir='ltr'><strong>qi</strong></span> <span class='ocrx_word' id='word_1_42' title='bbox 458 1176 610 1266; x_wconf 71' lang='lat' dir='ltr'><strong>redigatis</strong></span> <span class='ocrx_word' id='word_1_43' title='bbox 629 1178 665 1242; x_wconf 86' lang='lat' dir='ltr'><strong>im</strong></span> <span class='ocrx_word' id='word_1_44' title='bbox 678 1176 765 1243; x_wconf 82' lang='lat' dir='ltr'><strong>viris</strong></span> <span class='ocrx_word' id='word_1_45' title='bbox 785 1172 904 1265; x_wconf 84' lang='lat' dir='ltr'><strong>Judu,</strong></span> <span class='ocrx_word' id='word_1_46' title='bbox 936 1172 977 1249; x_wconf 71' lang='lat' dir='ltr'><strong>(J</strong></span> <span class='ocrx_word' id='word_1_47' title='bbox 1001 1180 1037 1247; x_wconf 76' lang='lat' dir='ltr'><strong>in</strong></span> <span class='ocrx_word' id='word_1_48' title='bbox 1059 1177 1147 1247; x_wconf 69' lang='lat' dir='ltr'><strong>habi.</strong></span> <span class='ocrx_word' id='word_1_49' title='bbox 1263 1217 1266 1230; x_wconf 94' lang='lat'><strong>.</strong></span> 
     </span>
     <span class='ocr_line' id='line_1_7' title="bbox 90 1271 1152 1367; baseline -0.003 -16"><span class='ocrx_word' id='word_1_50' title='bbox 90 1277 241 1351; x_wconf 79' lang='lat' dir='ltr'><strong>rantibus</strong></span> <span class='ocrx_word' id='word_1_51' title='bbox 263 1275 473 1365; x_wconf 72' lang='lat' dir='ltr'><em>Hierusalem.</em></span> <span class='ocrx_word' id='word_1_52' title='bbox 521 1271 558 1346; x_wconf 87' lang='lat' dir='ltr'><strong>Si</strong></span> <span class='ocrx_word' id='word_1_53' title='bbox 575 1272 845 1366; x_wconf 78' lang='lat' dir='ltr'><strong>peccaverimus</strong></span> <span class='ocrx_word' id='word_1_54' title='bbox 864 1289 955 1363; x_wconf 91' lang='lat' dir='ltr'><strong>nos,</strong></span> <span class='ocrx_word' id='word_1_55' title='bbox 982 1276 1041 1364; x_wconf 91' lang='lat' dir='ltr'><strong>qui</strong></span> <span class='ocrx_word' id='word_1_56' title='bbox 1060 1294 1152 1367; x_wconf 87' lang='lat' dir='ltr'><strong>pro··</strong></span> 
     </span>
     <span class='ocr_line' id='line_1_8' title="bbox 88 1367 1147 1473; baseline -0.001 -22"><span class='ocrx_word' id='word_1_57' title='bbox 88 1391 173 1473; x_wconf 88' lang='lat' dir='ltr'><strong>pter</strong></span> <span class='ocrx_word' id='word_1_58' title='bbox 186 1367 372 1453; x_wconf 78' lang='lat' dir='ltr'><strong>¹Christum</strong></span> <span class='ocrx_word' id='word_1_59' title='bbox 390 1373 461 1446; x_wconf 89' lang='lat' dir='ltr'><strong>viri</strong></span> <span class='ocrx_word' id='word_1_60' title='bbox 477 1371 781 1468; x_wconf 87' lang='lat' dir='ltr'><strong>Juda&#39;vocamur,</strong></span> <span class='ocrx_word' id='word_1_61' title='bbox 807 1370 842 1442; x_wconf 81' lang='lat' dir='ltr'><strong>dt</strong></span> <span class='ocrx_word' id='word_1_62' title='bbox 854 1370 995 1445; x_wconf 91' lang='lat' dir='ltr'><strong>inventi</strong></span> <span class='ocrx_word' id='word_1_63' title='bbox 1010 1372 1147 1450; x_wconf 85' lang='lat' dir='ltr'><strong>fuerint</strong></span> 
     </span>
    </p>

    <p class='ocr_par' dir='ltr' id='par_1_3' title="bbox 87 1469 1271 3667">
     <span class='ocr_line' id='line_1_9' title="bbox 87 1469 1143 1567; baseline -0.003 -17"><span class='ocrx_word' id='word_1_64' title='bbox 87 1479 130 1551; x_wconf 89' lang='lat' dir='ltr'><strong>in</strong></span> <span class='ocrx_word' id='word_1_65' title='bbox 149 1473 256 1550; x_wconf 92' lang='lat' dir='ltr'><strong>nobis</strong></span> <span class='ocrx_word' id='word_1_66' title='bbox 274 1473 362 1548; x_wconf 89' lang='lat' dir='ltr'><strong>nodi</strong></span> <span class='ocrx_word' id='word_1_67' title='bbox 376 1487 638 1567; x_wconf 91' lang='lat' dir='ltr'><strong>peccatorum,</strong></span> <span class='ocrx_word' id='word_1_68' title='bbox 667 1472 702 1544; x_wconf 80' lang='lat' dir='ltr'><strong>dc</strong></span> <span class='ocrx_word' id='word_1_69' title='bbox 718 1471 763 1544; x_wconf 90' lang='lat' dir='ltr'><strong>de</strong></span> <span class='ocrx_word' id='word_1_70' title='bbox 784 1469 893 1543; x_wconf 89' lang='lat' dir='ltr'><strong>nobis</strong></span> <span class='ocrx_word' id='word_1_71' title='bbox 908 1469 1056 1545; x_wconf 83' lang='lat' dir='ltr'><strong>dicitur:</strong></span> <span class='ocrx_word' id='word_1_72' title='bbox 1089 1476 1143 1547; x_wconf 81' lang='lat' dir='ltr'><strong>br-</strong></span> 
     </span>
     <span class='ocr_line' id='line_1_10' title="bbox 89 1568 1147 1671; baseline -0.002 -24"><span class='ocrx_word' id='word_1_73' title='bbox 89 1593 195 1650; x_wconf 77' lang='lat' dir='ltr'><strong>venta.</strong></span> <span class='ocrx_word' id='word_1_74' title='bbox 214 1576 255 1671; x_wconf 67' lang='lat' dir='ltr'><strong>usi</strong></span> <span class='ocrx_word' id='word_1_75' title='bbox 283 1575 433 1666; x_wconf 76' lang='lat' dir='ltr'><strong>codigatr&#39;o</strong></span> <span class='ocrx_word' id='word_1_76' title='bbox 465 1578 504 1642; x_wconf 86' lang='lat' dir='ltr'><strong>im</strong></span> <span class='ocrx_word' id='word_1_77' title='bbox 533 1577 619 1643; x_wconf 84' lang='lat' dir='ltr'><strong>viris</strong></span> <span class='ocrx_word' id='word_1_78' title='bbox 646 1576 761 1669; x_wconf 83' lang='lat' dir='ltr'><strong>Judu,</strong></span> <span class='ocrx_word' id='word_1_79' title='bbox 787 1568 828 1646; x_wconf 78' lang='lat' dir='ltr'><strong>dt</strong></span> <span class='ocrx_word' id='word_1_80' title='bbox 859 1575 898 1639; x_wconf 85' lang='lat' dir='ltr'><strong>in</strong></span> <span class='ocrx_word' id='word_1_81' title='bbox 926 1572 1147 1645; x_wconf 76' lang='lat' dir='ltr'><strong>habitantibus</strong></span> 
     </span>
     <span class='ocr_line' id='line_1_11' title="bbox 90 1667 1145 1764; baseline -0.011 -17"><span class='ocrx_word' id='word_1_82' title='bbox 90 1674 300 1764; x_wconf 73' lang='lat' dir='ltr'><strong>Hierufidem.</strong></span> <span class='ocrx_word' id='word_1_83' title='bbox 351 1670 443 1747; x_wconf 92' lang='lat' dir='ltr'><strong>Cum</strong></span> <span class='ocrx_word' id='word_1_84' title='bbox 461 1673 499 1746; x_wconf 92' lang='lat' dir='ltr'><strong>in</strong></span> <span class='ocrx_word' id='word_1_85' title='bbox 516 1671 662 1746; x_wconf 76' lang='lat' dir='ltr'><strong>ecclesia</strong></span> <span class='ocrx_word' id='word_1_86' title='bbox 677 1670 750 1745; x_wconf 90' lang='lat' dir='ltr'><strong>Dei</strong></span> <span class='ocrx_word' id='word_1_87' title='bbox 765 1671 863 1744; x_wconf 83' lang='lat' dir='ltr'><strong>&#39;tales</strong></span> <span class='ocrx_word' id='word_1_88' title='bbox 877 1667 979 1763; x_wconf 89' lang='lat' dir='ltr'><strong>sont,</strong></span> <span class='ocrx_word' id='word_1_89' title='bbox 1014 1673 1052 1745; x_wconf 91' lang='lat' dir='ltr'><strong>in</strong></span> <span class='ocrx_word' id='word_1_90' title='bbox 1069 1674 1145 1764; x_wconf 90' lang='lat' dir='ltr'><strong>qui.</strong></span> 
     </span>
     <span class='ocr_line' id='line_1_12' title="bbox 87 1768 1213 1868; baseline 0.002 -19"><span class='ocrx_word' id='word_1_91' title='bbox 87 1776 157 1849; x_wconf 90' lang='lat' dir='ltr'><strong>bus</strong></span> <span class='ocrx_word' id='word_1_92' title='bbox 176 1772 374 1868; x_wconf 77' lang='lat' dir='ltr'>reperiatur</span> <span class='ocrx_word' id='word_1_93' title='bbox 391 1774 538 1865; x_wconf 82' lang='lat' dir='ltr'><strong>laqueus</strong></span> <span class='ocrx_word' id='word_1_94' title='bbox 553 1771 779 1864; x_wconf 84' lang='lat' dir='ltr'><strong>iniquitatis,</strong></span> <span class='ocrx_word' id='word_1_95' title='bbox 803 1768 1001 1846; x_wconf 78' lang='lat' dir='ltr'><strong>&amp;vincula</strong></span> <span class='ocrx_word' id='word_1_96' title='bbox 1018 1793 1165 1867; x_wconf 72' lang='lat' dir='ltr'><strong>pecca,</strong></span> <span class='ocrx_word' id='word_1_97' title='bbox 1209 1844 1213 1850; x_wconf 86' lang='grc'>.</span> 
     </span>
     <span class='ocr_line' id='line_1_13' title="bbox 89 1870 1144 1969; baseline 0 -23"><span class='ocrx_word' id='word_1_98' title='bbox 89 1875 149 1967; x_wconf 88' lang='lat' dir='ltr'><strong>ti,</strong></span> <span class='ocrx_word' id='word_1_99' title='bbox 183 1873 219 1948; x_wconf 92' lang='lat' dir='ltr'><strong>in</strong></span> <span class='ocrx_word' id='word_1_100' title='bbox 241 1885 407 1967; x_wconf 90' lang='lat' dir='ltr'><strong>tantum,</strong></span> <span class='ocrx_word' id='word_1_101' title='bbox 433 1884 477 1946; x_wconf 90' lang='lat' dir='ltr'><strong>ut</strong></span> <span class='ocrx_word' id='word_1_102' title='bbox 490 1872 554 1968; x_wconf 86' lang='lat' dir='ltr'><strong>id,</strong></span> <span class='ocrx_word' id='word_1_103' title='bbox 586 1870 684 1965; x_wconf 90' lang='lat' dir='ltr'><strong>quod</strong></span> <span class='ocrx_word' id='word_1_104' title='bbox 701 1871 748 1946; x_wconf 91' lang='lat' dir='ltr'><strong>de</strong></span> <span class='ocrx_word' id='word_1_105' title='bbox 767 1883 965 1966; x_wconf 77' lang='lat' dir='ltr'>peccatore</span> <span class='ocrx_word' id='word_1_106' title='bbox 987 1871 1144 1969; x_wconf 88' lang='lat' dir='ltr'><strong>dicitur,</strong></span> 
     </span>
     <span class='ocr_line' id='line_1_14' title="bbox 87 1972 1146 2070; baseline -0.004 -22"><span class='ocrx_word' id='word_1_107' title='bbox 87 1976 142 2049; x_wconf 87' lang='lat' dir='ltr'><strong>eis</strong></span> <span class='ocrx_word' id='word_1_108' title='bbox 155 1975 275 2048; x_wconf 79' lang='lat' dir='ltr'><strong>vaieat</strong></span> <span class='ocrx_word' id='word_1_109' title='bbox 293 1972 512 2049; x_wconf 82' lang='lat' dir='ltr'><strong>convenire:</strong></span> <span class='ocrx_word' id='word_1_110' title='bbox 535 1973 692 2045; x_wconf 83' lang='lat' dir='ltr'><strong>-eruiis</strong></span> <span class='ocrx_word' id='word_1_111' title='bbox 704 1973 1033 2070; x_wconf 77' lang='lat' dir='ltr'><strong>peccatorumsuurum</strong></span> <span class='ocrx_word' id='word_1_112' title='bbox 1045 1996 1146 2046; x_wconf 84' lang='lat' dir='ltr'><strong>umus·</strong></span> 
     </span>
     <span class='ocr_line' id='line_1_15' title="bbox 87 2071 1146 2172; baseline 0.001 -28"><span class='ocrx_word' id='word_1_113' title='bbox 87 2080 222 2172; x_wconf 74' lang='lat' dir='ltr'><strong>quisque</strong></span> <span class='ocrx_word' id='word_1_114' title='bbox 236 2072 488 2170; x_wconf 76' lang='lat' dir='ltr'><strong>cunflringirur,</strong></span> <span class='ocrx_word' id='word_1_115' title='bbox 511 2084 601 2147; x_wconf 85' lang='lat' dir='ltr'><strong>tunc</strong></span> <span class='ocrx_word' id='word_1_116' title='bbox 619 2072 706 2147; x_wconf 88' lang='lat' dir='ltr'><strong>dicit</strong></span> <span class='ocrx_word' id='word_1_117' title='bbox 717 2071 819 2145; x_wconf 87' lang='lat' dir='ltr'><strong>Deus</strong></span> <span class='ocrx_word' id='word_1_118' title='bbox 834 2093 845 2146; x_wconf 83' lang='lat' dir='ltr'><strong>t</strong></span> <span class='ocrx_word' id='word_1_119' title='bbox 871 2074 1012 2145; x_wconf 79' lang='lat' dir='ltr'><strong>Imvmrta</strong></span> <span class='ocrx_word' id='word_1_120' title='bbox 1029 2074 1070 2170; x_wconf 73' lang='lat' dir='ltr'><strong>est</strong></span> <span class='ocrx_word' id='word_1_121' title='bbox 1085 2073 1146 2145; x_wconf 79' lang='lat' dir='ltr'><strong>cot·</strong></span> 
     </span>
     <span class='ocr_line' id='line_1_16' title="bbox 88 2171 1147 2271; baseline 0 -25"><span class='ocrx_word' id='word_1_122' title='bbox 88 2176 201 2267; x_wconf 75' lang='lat' dir='ltr'><strong>ligario</strong></span> <span class='ocrx_word' id='word_1_123' title='bbox 223 2176 261 2243; x_wconf 83' lang='lat' dir='ltr'><strong>im</strong></span> <span class='ocrx_word' id='word_1_124' title='bbox 283 2176 369 2243; x_wconf 78' lang='lat' dir='ltr'><strong>viris</strong></span> <span class='ocrx_word' id='word_1_125' title='bbox 397 2174 517 2271; x_wconf 80' lang='lat' dir='ltr'><strong>Juda·</strong></span> <span class='ocrx_word' id='word_1_126' title='bbox 553 2174 695 2247; x_wconf 87' lang='lat' dir='ltr'><strong>Verum</strong></span> <span class='ocrx_word' id='word_1_127' title='bbox 714 2191 792 2247; x_wconf 90' lang='lat' dir='ltr'><strong>nou</strong></span> <span class='ocrx_word' id='word_1_128' title='bbox 811 2171 1020 2249; x_wconf 87' lang='lat' dir='ltr'><strong>inuenietur</strong></span> <span class='ocrx_word' id='word_1_129' title='bbox 1045 2174 1147 2246; x_wconf 86' lang='lat' dir='ltr'><strong>colii·</strong></span> 
     </span>
     <span class='ocr_line' id='line_1_17' title="bbox 90 2271 1146 2373; baseline 0.001 -28"><span class='ocrx_word' id='word_1_130' title='bbox 90 2273 193 2369; x_wconf 84' lang='lat' dir='ltr'><strong>gatio</strong></span> <span class='ocrx_word' id='word_1_131' title='bbox 225 2273 261 2346; x_wconf 88' lang='lat' dir='ltr'><strong>in</strong></span> <span class='ocrx_word' id='word_1_132' title='bbox 292 2271 408 2346; x_wconf 89' lang='lat' dir='ltr'><strong>nobis.</strong></span> <span class='ocrx_word' id='word_1_133' title='bbox 460 2273 662 2373; x_wconf 88' lang='lat' dir='ltr'><strong>Quomodo</strong></span> <span class='ocrx_word' id='word_1_134' title='bbox 693 2283 813 2347; x_wconf 88' lang='lat' dir='ltr'><strong>autem</strong></span> <span class='ocrx_word' id='word_1_135' title='bbox 836 2291 914 2346; x_wconf 92' lang='lat' dir='ltr'><strong>non</strong></span> <span class='ocrx_word' id='word_1_136' title='bbox 937 2273 1146 2346; x_wconf 90' lang='lat' dir='ltr'><strong>invenietur</strong></span> 
     </span>
     <span class='ocr_line' id='line_1_18' title="bbox 92 2370 1146 2469; baseline 0.001 -23"><span class='ocrx_word' id='word_1_137' title='bbox 92 2372 280 2469; x_wconf 84' lang='lat' dir='ltr'><strong>colligatio</strong></span> <span class='ocrx_word' id='word_1_138' title='bbox 295 2372 333 2446; x_wconf 91' lang='lat' dir='ltr'><strong>in</strong></span> <span class='ocrx_word' id='word_1_139' title='bbox 346 2371 478 2464; x_wconf 88' lang='lat' dir='ltr'><strong>nobis,</strong></span> <span class='ocrx_word' id='word_1_140' title='bbox 504 2370 656 2464; x_wconf 73' lang='lat' dir='ltr'><strong>suusque</strong></span> <span class='ocrx_word' id='word_1_141' title='bbox 676 2372 721 2447; x_wconf 87' lang='lat' dir='ltr'><strong>ad</strong></span> <span class='ocrx_word' id='word_1_142' title='bbox 744 2372 837 2447; x_wconf 83' lang='lat' dir='ltr'><strong>barre</strong></span> <span class='ocrx_word' id='word_1_143' title='bbox 857 2370 984 2447; x_wconf 83' lang='lat' dir='ltr'><strong>horam&#39;</strong></span> <span class='ocrx_word' id='word_1_144' title='bbox 1000 2373 1146 2469; x_wconf 70' lang='lat' dir='ltr'><strong>colliga·</strong></span> 
     </span>
     <span class='ocr_line' id='line_1_19' title="bbox 90 2470 1146 2570; baseline 0 -27"><span class='ocrx_word' id='word_1_145' title='bbox 90 2475 148 2544; x_wconf 87' lang='lat' dir='ltr'><strong>tio</strong></span> <span class='ocrx_word' id='word_1_146' title='bbox 165 2478 203 2546; x_wconf 89' lang='lat' dir='ltr'><strong>in</strong></span> <span class='ocrx_word' id='word_1_147' title='bbox 214 2472 422 2564; x_wconf 89' lang='lat' dir='ltr'><strong>quibusdam</strong></span> <span class='ocrx_word' id='word_1_148' title='bbox 440 2470 521 2545; x_wconf 81' lang='lat' dir='ltr'><strong>esti</strong></span> <span class='ocrx_word' id='word_1_149' title='bbox 547 2471 618 2546; x_wconf 86' lang='lat' dir='ltr'><strong>Sed</strong></span> <span class='ocrx_word' id='word_1_150' title='bbox 627 2473 718 2563; x_wconf 81' lang='lat' dir='ltr'><strong>suive</strong></span> <span class='ocrx_word' id='word_1_151' title='bbox 736 2495 826 2544; x_wconf 81' lang='lat' dir='ltr'><strong>amm</strong></span> <span class='ocrx_word' id='word_1_152' title='bbox 840 2471 1007 2543; x_wconf 76' lang='lat' dir='ltr'><strong>vincutum</strong></span> <span class='ocrx_word' id='word_1_153' title='bbox 1026 2476 1146 2570; x_wconf 83' lang='lat' dir='ltr'><strong>iniqui·</strong></span> 
     </span>
     <span class='ocr_line' id='line_1_20' title="bbox 92 2568 1144 2666; baseline 0 -21"><span class='ocrx_word' id='word_1_154' title='bbox 92 2580 196 2652; x_wconf 75' lang='lat' dir='ltr'><strong>raris,</strong></span> <span class='ocrx_word' id='word_1_155' title='bbox 225 2569 353 2664; x_wconf 71' lang='lat' dir='ltr'><strong>diffidere</strong></span> <span class='ocrx_word' id='word_1_156' title='bbox 380 2568 580 2666; x_wconf 52' lang='lat' dir='ltr'><strong>uiirgationes</strong></span> <span class='ocrx_word' id='word_1_157' title='bbox 608 2573 826 2661; x_wconf 74' lang='lat' dir='ltr'><strong>violentarum</strong></span> <span class='ocrx_word' id='word_1_158' title='bbox 851 2575 1144 2663; x_wconf 72' lang='lat' dir='ltr'><strong>commutationum,</strong></span> 
     </span>
     <span class='ocr_line' id='line_1_21' title="bbox 92 2668 1146 2771; baseline -0.002 -27"><span class='ocrx_word' id='word_1_159' title='bbox 92 2695 214 2744; x_wconf 73' lang='lat' dir='ltr'><strong>ammom</strong></span> <span class='ocrx_word' id='word_1_160' title='bbox 227 2673 483 2770; x_wconf 68' lang='lat' dir='ltr'><strong>conscriptimrum</strong></span> <span class='ocrx_word' id='word_1_161' title='bbox 503 2675 649 2771; x_wconf 77' lang='lat' dir='ltr'><strong>iniquam</strong></span> <span class='ocrx_word' id='word_1_162' title='bbox 663 2668 782 2768; x_wconf 75' lang='lat' dir='ltr'><strong>drffpa.</strong></span> <span class='ocrx_word' id='word_1_163' title='bbox 834 2674 957 2767; x_wconf 76' lang='lat' dir='ltr'><strong>Fiamge</strong></span> <span class='ocrx_word' id='word_1_164' title='bbox 977 2673 1146 2764; x_wconf 80' lang='lat' dir='ltr'><strong>esurienti·</strong></span> 
     </span>
     <span class='ocr_line' id='line_1_22' title="bbox 93 2770 1145 2870; baseline 0 -26"><span class='ocrx_word' id='word_1_165' title='bbox 93 2775 150 2845; x_wconf 85' lang='lat' dir='ltr'><strong>bus</strong></span> <span class='ocrx_word' id='word_1_166' title='bbox 166 2792 273 2866; x_wconf 80' lang='lat' dir='ltr'><strong>pauem</strong></span> <span class='ocrx_word' id='word_1_167' title='bbox 289 2789 391 2847; x_wconf 85' lang='lat' dir='ltr'><strong>tuum.</strong></span> <span class='ocrx_word' id='word_1_168' title='bbox 440 2770 596 2846; x_wconf 87' lang='lat' dir='ltr'><strong>Inventa</strong></span> <span class='ocrx_word' id='word_1_169' title='bbox 615 2771 666 2844; x_wconf 91' lang='lat' dir='ltr'><strong>est</strong></span> <span class='ocrx_word' id='word_1_170' title='bbox 684 2792 775 2868; x_wconf 82' lang='lat' dir='ltr'><strong>ergo</strong></span> <span class='ocrx_word' id='word_1_171' title='bbox 793 2772 978 2870; x_wconf 82' lang='lat' dir='ltr'><strong>colligatio</strong></span> <span class='ocrx_word' id='word_1_172' title='bbox 998 2774 1035 2847; x_wconf 91' lang='lat' dir='ltr'><strong>in</strong></span> <span class='ocrx_word' id='word_1_173' title='bbox 1056 2772 1145 2845; x_wconf 89' lang='lat' dir='ltr'><strong>viris</strong></span> 
     </span>
     <span class='ocr_line' id='line_1_23' title="bbox 92 2870 1147 2970; baseline -0.004 -23"><span class='ocrx_word' id='word_1_174' title='bbox 92 2872 211 2970; x_wconf 87' lang='lat' dir='ltr'><strong>Juda‚</strong></span> <span class='ocrx_word' id='word_1_175' title='bbox 239 2870 539 2946; x_wconf 89' lang='lat' dir='ltr'><strong>inhabitantibus</strong></span> <span class='ocrx_word' id='word_1_176' title='bbox 562 2870 794 2947; x_wconf 88' lang='lat' dir='ltr'><strong>Hierusalem.</strong></span> <span class='ocrx_word' id='word_1_177' title='bbox 847 2872 994 2967; x_wconf 74' lang='lat' dir='ltr'><strong>cramrst</strong></span> <span class='ocrx_word' id='word_1_178' title='bbox 1006 2873 1087 2958; x_wconf 77' lang='lat' dir='ltr'><strong>sunt</strong></span> <span class='ocrx_word' id='word_1_179' title='bbox 1104 2871 1147 2943; x_wconf 81' lang='lat' dir='ltr'><strong>ad</strong></span> 
     </span>
     <span class='ocr_line' id='line_1_24' title="bbox 91 2968 1146 3069; baseline -0.001 -22"><span class='ocrx_word' id='word_1_180' title='bbox 91 2978 284 3069; x_wconf 74' lang='lat' dir='ltr'><strong>iniquitates</strong></span> <span class='ocrx_word' id='word_1_181' title='bbox 298 2990 429 3068; x_wconf 82' lang='lat' dir='ltr'><strong>parrum</strong></span> <span class='ocrx_word' id='word_1_182' title='bbox 443 2971 572 3061; x_wconf 70' lang='lat' dir='ltr'><strong>suorum</strong></span> <span class='ocrx_word' id='word_1_183' title='bbox 593 2978 746 3065; x_wconf 81' lang='lat' dir='ltr'><strong>priorum.</strong></span> <span class='ocrx_word' id='word_1_184' title='bbox 798 2968 975 3046; x_wconf 84' lang='lat' dir='ltr'><strong>Conversl</strong></span> <span class='ocrx_word' id='word_1_185' title='bbox 994 2969 1074 3045; x_wconf 90' lang='lat' dir='ltr'><strong>sunt</strong></span> <span class='ocrx_word' id='word_1_186' title='bbox 1100 2970 1146 3046; x_wconf 82' lang='lat' dir='ltr'><strong>ad</strong></span> 
     </span>
     <span class='ocr_line' id='line_1_25' title="bbox 87 3070 1271 3170; baseline -0.005 -23"><span class='ocrx_word' id='word_1_187' title='bbox 87 3072 308 3163; x_wconf 84' lang='lat' dir='ltr'><strong>iniquitates.</strong></span> <span class='ocrx_word' id='word_1_188' title='bbox 361 3070 552 3166; x_wconf 73' lang='lat' dir='ltr'><strong>Quorum?</strong></span> <span class='ocrx_word' id='word_1_189' title='bbox 578 3070 670 3146; x_wconf 92' lang='lat' dir='ltr'><strong>Non</strong></span> <span class='ocrx_word' id='word_1_190' title='bbox 691 3073 741 3146; x_wconf 91' lang='lat' dir='ltr'><strong>ait</strong></span> <span class='ocrx_word' id='word_1_191' title='bbox 759 3070 982 3167; x_wconf 88' lang='lat' dir='ltr'><strong>srmpliciter,</strong></span> <span class='ocrx_word' id='word_1_192' title='bbox 1003 3088 1146 3170; x_wconf 81' lang='lat' dir='ltr'><strong>parrum,</strong></span> <span class='ocrx_word' id='word_1_193' title='bbox 1267 3155 1271 3164; x_wconf 21' lang='grc'>1</span> 
     </span>
     <span class='ocr_line' id='line_1_26' title="bbox 88 3170 1152 3269; baseline -0.002 -23"><span class='ocrx_word' id='word_1_194' title='bbox 88 3170 152 3246; x_wconf 84' lang='lat' dir='ltr'><strong>sed</strong></span> <span class='ocrx_word' id='word_1_195' title='bbox 175 3191 255 3245; x_wconf 89' lang='lat' dir='ltr'><strong>cum</strong></span> <span class='ocrx_word' id='word_1_196' title='bbox 272 3170 538 3266; x_wconf 75' lang='lat' dir='ltr'><strong>additamentO,</strong></span> <span class='ocrx_word' id='word_1_197' title='bbox 556 3187 688 3269; x_wconf 83' lang='lat' dir='ltr'><strong>patrum</strong></span> <span class='ocrx_word' id='word_1_198' title='bbox 696 3171 825 3262; x_wconf 84' lang='lat' dir='ltr'><strong>suorum</strong></span> <span class='ocrx_word' id='word_1_199' title='bbox 844 3171 995 3266; x_wconf 79' lang='lat' dir='ltr'><strong>priorum.</strong></span> <span class='ocrx_word' id='word_1_200' title='bbox 1043 3171 1152 3244; x_wconf 63' lang='lat' dir='ltr'><strong>Dixts</strong></span> 
     </span>
     <span class='ocr_line' id='line_1_27' title="bbox 90 3268 1146 3366; baseline -0.004 -19"><span class='ocrx_word' id='word_1_201' title='bbox 90 3291 172 3347; x_wconf 85' lang='lat' dir='ltr'><strong>mus</strong></span> <span class='ocrx_word' id='word_1_202' title='bbox 199 3271 275 3344; x_wconf 83' lang='lat' dir='ltr'><strong>haec</strong></span> <span class='ocrx_word' id='word_1_203' title='bbox 302 3271 347 3344; x_wconf 92' lang='lat' dir='ltr'><strong>de</strong></span> <span class='ocrx_word' id='word_1_204' title='bbox 372 3270 479 3343; x_wconf 92' lang='lat' dir='ltr'><strong>nobis</strong></span> <span class='ocrx_word' id='word_1_205' title='bbox 504 3270 603 3363; x_wconf 88' lang='lat' dir='ltr'><strong>dici,</strong></span> <span class='ocrx_word' id='word_1_206' title='bbox 629 3269 764 3366; x_wconf 79' lang='lat' dir='ltr'><strong>dehis,</strong></span> <span class='ocrx_word' id='word_1_207' title='bbox 795 3272 855 3365; x_wconf 89' lang='lat' dir='ltr'><strong>qui</strong></span> <span class='ocrx_word' id='word_1_208' title='bbox 876 3272 913 3345; x_wconf 89' lang='lat' dir='ltr'><strong>io</strong></span> <span class='ocrx_word' id='word_1_209' title='bbox 933 3270 1040 3345; x_wconf 90' lang='lat' dir='ltr'><strong>nobis</strong></span> <span class='ocrx_word' id='word_1_210' title='bbox 1065 3268 1146 3346; x_wconf 90' lang='lat' dir='ltr'><strong>sunt</strong></span> 
     </span>
     <span class='ocr_line' id='line_1_28' title="bbox 90 3369 1244 3467; baseline 0.003 -25"><span class='ocrx_word' id='word_1_211' title='bbox 90 3384 316 3466; x_wconf 83' lang='lat' dir='ltr'><strong>peccatores.</strong></span> <span class='ocrx_word' id='word_1_212' title='bbox 378 3369 581 3465; x_wconf 90' lang='lat' dir='ltr'><strong>Quomodo</strong></span> <span class='ocrx_word' id='word_1_213' title='bbox 605 3370 742 3467; x_wconf 83' lang='lat' dir='ltr'><strong>igitur,</strong></span> <span class='ocrx_word' id='word_1_214' title='bbox 779 3374 840 3463; x_wconf 91' lang='lat' dir='ltr'><strong>qui</strong></span> <span class='ocrx_word' id='word_1_215' title='bbox 863 3373 1045 3445; x_wconf 88' lang='lat' dir='ltr'><strong>internos</strong></span> <span class='ocrx_word' id='word_1_216' title='bbox 1065 3369 1148 3445; x_wconf 88' lang='lat' dir='ltr'><strong>sunt</strong></span> <span class='ocrx_word' id='word_1_217' title='bbox 1241 3405 1244 3417; x_wconf 88' lang='lat'><em>·</em></span> 
     </span>
     <span class='ocr_line' id='line_1_29' title="bbox 89 3466 1148 3566; baseline 0.001 -23"><span class='ocrx_word' id='word_1_218' title='bbox 89 3484 328 3566; x_wconf 84' lang='lat' dir='ltr'><strong>peccatores,</strong></span> <span class='ocrx_word' id='word_1_219' title='bbox 354 3470 520 3543; x_wconf 86' lang='lat' dir='ltr'><strong>conversr</strong></span> <span class='ocrx_word' id='word_1_220' title='bbox 538 3468 620 3544; x_wconf 90' lang='lat' dir='ltr'><strong>sunt</strong></span> <span class='ocrx_word' id='word_1_221' title='bbox 639 3476 683 3543; x_wconf 91' lang='lat' dir='ltr'><strong>ad</strong></span> <span class='ocrx_word' id='word_1_222' title='bbox 701 3470 905 3562; x_wconf 87' lang='lat' dir='ltr'><strong>iniquitates</strong></span> <span class='ocrx_word' id='word_1_223' title='bbox 924 3480 1085 3564; x_wconf 84' lang='lat' dir='ltr'><strong>patrum,</strong></span> <span class='ocrx_word' id='word_1_224' title='bbox 1112 3466 1148 3544; x_wconf 82' lang='lat' dir='ltr'><strong>dr</strong></span> 
     </span>
     <span class='ocr_line' id='line_1_30' title="bbox 87 3569 1147 3667; baseline 0.001 -25"><span class='ocrx_word' id='word_1_225' title='bbox 87 3585 231 3666; x_wconf 87' lang='lat' dir='ltr'><strong>patrum</strong></span> <span class='ocrx_word' id='word_1_226' title='bbox 249 3570 394 3644; x_wconf 88' lang='lat' dir='ltr'><strong>suorum</strong></span> <span class='ocrx_word' id='word_1_227' title='bbox 410 3569 599 3662; x_wconf 75' lang='lat' dir='ltr'><strong>priorum?</strong></span> <span class='ocrx_word' id='word_1_228' title='bbox 629 3569 804 3663; x_wconf 88' lang='lat' dir='ltr'><strong>Duplices</strong></span> <span class='ocrx_word' id='word_1_229' title='bbox 820 3569 991 3646; x_wconf 80' lang='lat' dir='ltr'><strong>habemus</strong></span> <span class='ocrx_word' id='word_1_230' title='bbox 1011 3584 1147 3667; x_wconf 89' lang='lat' dir='ltr'><strong>patres,</strong></span> 
     </span>
    </p>

    <p class='ocr_par' dir='ltr' id='par_1_4' title="bbox 88 3668 1150 4068">
     <span class='ocr_line' id='line_1_31' title="bbox 88 3668 1147 3766; baseline 0.003 -23"><span class='ocrx_word' id='word_1_231' title='bbox 88 3670 127 3743; x_wconf 83' lang='lat' dir='ltr'><strong>dt</strong></span> <span class='ocrx_word' id='word_1_232' title='bbox 157 3691 229 3742; x_wconf 90' lang='lat' dir='ltr'><strong>una</strong></span> <span class='ocrx_word' id='word_1_233' title='bbox 253 3669 387 3763; x_wconf 89' lang='lat' dir='ltr'><strong>species</strong></span> <span class='ocrx_word' id='word_1_234' title='bbox 413 3668 465 3742; x_wconf 88' lang='lat' dir='ltr'><strong>est</strong></span> <span class='ocrx_word' id='word_1_235' title='bbox 487 3670 711 3763; x_wconf 86' lang='lat' dir='ltr'><strong>peffimorum</strong></span> <span class='ocrx_word' id='word_1_236' title='bbox 742 3683 895 3766; x_wconf 89' lang='lat' dir='ltr'><strong>patrum.</strong></span> <span class='ocrx_word' id='word_1_237' title='bbox 945 3668 1147 3765; x_wconf 87' lang='lat' dir='ltr'><strong>Siquidem,</strong></span> 
     </span>
     <span class='ocr_line' id='line_1_32' title="bbox 90 3769 1147 3866; baseline 0.001 -24"><span class='ocrx_word' id='word_1_238' title='bbox 90 3785 283 3860; x_wconf 82' lang='lat' dir='ltr'><strong>antequam</strong></span> <span class='ocrx_word' id='word_1_239' title='bbox 308 3769 558 3859; x_wconf 87' lang='lat' dir='ltr'><strong>crederemus,</strong></span> <span class='ocrx_word' id='word_1_240' title='bbox 587 3769 767 3843; x_wconf 87' lang='lat' dir='ltr'><strong>Diabolus</strong></span> <span class='ocrx_word' id='word_1_241' title='bbox 790 3783 894 3864; x_wconf 91' lang='lat' dir='ltr'><strong>pater</strong></span> <span class='ocrx_word' id='word_1_242' title='bbox 914 3769 1037 3845; x_wconf 90' lang='lat' dir='ltr'><strong>noster</strong></span> <span class='ocrx_word' id='word_1_243' title='bbox 1056 3769 1147 3866; x_wconf 85' lang='lat' dir='ltr'><strong>suit,</strong></span> 
     </span>
     <span class='ocr_line' id='line_1_33' title="bbox 91 3868 1150 3965; baseline 0.002 -26"><span class='ocrx_word' id='word_1_244' title='bbox 91 3880 137 3939; x_wconf 87' lang='lat' dir='ltr'><strong>ut</strong></span> <span class='ocrx_word' id='word_1_245' title='bbox 153 3869 268 3942; x_wconf 88' lang='lat' dir='ltr'><strong>sermo</strong></span> <span class='ocrx_word' id='word_1_246' title='bbox 285 3870 517 3965; x_wconf 82' lang='lat' dir='ltr'><strong>evangelicus</strong></span> <span class='ocrx_word' id='word_1_247' title='bbox 533 3868 720 3962; x_wconf 89' lang='lat' dir='ltr'><strong>ostendit,</strong></span> <span class='ocrx_word' id='word_1_248' title='bbox 747 3870 893 3943; x_wconf 87' lang='lat' dir='ltr'><strong>dicens:</strong></span> <span class='ocrx_word' id='word_1_249' title='bbox 926 3876 989 3944; x_wconf 84' lang='lat' dir='ltr'><strong>Vos</strong></span> <span class='ocrx_word' id='word_1_250' title='bbox 1006 3873 1042 3941; x_wconf 85' lang='lat' dir='ltr'><strong>de</strong></span> <span class='ocrx_word' id='word_1_251' title='bbox 1059 3888 1150 3964; x_wconf 83' lang='lat' dir='ltr'><strong>parm</strong></span> 
     </span>
     <span class='ocr_line' id='line_1_34' title="bbox 97 3966 1150 4068; baseline 0 -27"><span class='ocrx_word' id='word_1_252' title='bbox 97 3967 220 4041; x_wconf 78' lang='lat' dir='ltr'><strong>Zaiuio</strong></span> <span class='ocrx_word' id='word_1_253' title='bbox 237 3976 311 4040; x_wconf 81' lang='lat' dir='ltr'><strong>mari</strong></span> <span class='ocrx_word' id='word_1_254' title='bbox 330 3972 411 4068; x_wconf 64' lang='lat' dir='ltr'><strong>estis.</strong></span> <span class='ocrx_word' id='word_1_255' title='bbox 461 3966 552 4042; x_wconf 86' lang='lat' dir='ltr'><strong>Cutn</strong></span> <span class='ocrx_word' id='word_1_256' title='bbox 575 3986 693 4043; x_wconf 89' lang='lat' dir='ltr'><strong>autern</strong></span> <span class='ocrx_word' id='word_1_257' title='bbox 721 3970 965 4061; x_wconf 88' lang='lat' dir='ltr'><strong>credidimus,</strong></span> <span class='ocrx_word' id='word_1_258' title='bbox 995 3968 1077 4043; x_wconf 77' lang='lat' dir='ltr'><strong>raeti</strong></span> <span class='ocrx_word' id='word_1_259' title='bbox 1096 3968 1150 4043; x_wconf 88' lang='lat' dir='ltr'><strong>su·</strong></span> 
     </span>
    </p>
   </div>
   <div class='ocr_carea' id='block_1_3' title="bbox 92 4063 1269 4469">
    <p class='ocr_par' dir='ltr' id='par_1_5' title="bbox 92 4063 1269 4384">
     <span class='ocr_line' id='line_1_35' title="bbox 92 4063 1269 4164; baseline 0.003 -27"><span class='ocrx_word' id='word_1_260' title='bbox 92 4088 174 4146; x_wconf 82' lang='lat' dir='ltr'><strong>mus</strong></span> <span class='ocrx_word' id='word_1_261' title='bbox 190 4063 252 4138; x_wconf 90' lang='lat' dir='ltr'><strong>filii</strong></span> <span class='ocrx_word' id='word_1_262' title='bbox 266 4067 347 4143; x_wconf 91' lang='lat' dir='ltr'><strong>Dei.</strong></span> <span class='ocrx_word' id='word_1_263' title='bbox 394 4067 530 4163; x_wconf 84' lang='lat' dir='ltr'><strong>Siergo</strong></span> <span class='ocrx_word' id='word_1_264' title='bbox 551 4067 632 4162; x_wconf 89' lang='lat' dir='ltr'><strong>post</strong></span> <span class='ocrx_word' id='word_1_265' title='bbox 646 4069 722 4142; x_wconf 84' lang='lat' dir='ltr'><strong>haec</strong></span> <span class='ocrx_word' id='word_1_266' title='bbox 739 4071 1033 4164; x_wconf 86' lang='lat' dir='ltr'><strong>peccaverimus,</strong></span> <span class='ocrx_word' id='word_1_267' title='bbox 1059 4089 1151 4141; x_wconf 90' lang='lat' dir='ltr'><strong>con·</strong></span> <span class='ocrx_word' id='word_1_268' title='bbox 1263 4085 1269 4110; x_wconf 67' lang='lat'><em>¹</em></span> 
     </span>
     <span class='ocr_line' id='line_1_36' title="bbox 93 4165 1151 4262; baseline 0.002 -23"><span class='ocrx_word' id='word_1_269' title='bbox 93 4169 270 4262; x_wconf 82' lang='lat' dir='ltr'><strong>vertimur</strong></span> <span class='ocrx_word' id='word_1_270' title='bbox 293 4168 337 4241; x_wconf 87' lang='lat' dir='ltr'><strong>ad</strong></span> <span class='ocrx_word' id='word_1_271' title='bbox 353 4168 556 4259; x_wconf 88' lang='lat' dir='ltr'><strong>iniquitates</strong></span> <span class='ocrx_word' id='word_1_272' title='bbox 580 4182 720 4262; x_wconf 87' lang='lat' dir='ltr'><strong>patrum</strong></span> <span class='ocrx_word' id='word_1_273' title='bbox 740 4191 817 4242; x_wconf 92' lang='lat' dir='ltr'><strong>non</strong></span> <span class='ocrx_word' id='word_1_274' title='bbox 834 4170 1065 4262; x_wconf 73' lang='lat' dir='ltr'><strong>impliciter,</strong></span> <span class='ocrx_word' id='word_1_275' title='bbox 1091 4165 1151 4241; x_wconf 90' lang='lat' dir='ltr'><strong>sed</strong></span> 
     </span>
     <span class='ocr_line' id='line_1_37' title="bbox 92 4266 1151 4384; baseline -0.004 -40"><span class='ocrx_word' id='word_1_276' title='bbox 92 4284 235 4368; x_wconf 86' lang='lat' dir='ltr'><strong>patrum</strong></span> <span class='ocrx_word' id='word_1_277' title='bbox 249 4268 426 4369; x_wconf 87' lang='lat' dir='ltr'><strong>priorum.</strong></span> <span class='ocrx_word' id='word_1_278' title='bbox 474 4266 535 4346; x_wconf 88' lang='lat' dir='ltr'><strong>Ad</strong></span> <span class='ocrx_word' id='word_1_279' title='bbox 549 4270 807 4369; x_wconf 77' lang='lat' dir='ltr'><strong>probationem</strong></span> <span class='ocrx_word' id='word_1_280' title='bbox 819 4283 939 4347; x_wconf 89' lang='lat' dir='ltr'><strong>autem</strong></span> <span class='ocrx_word' id='word_1_281' title='bbox 951 4269 1056 4363; x_wconf 88' lang='lat' dir='ltr'><strong>hujus</strong></span> <span class='ocrx_word' id='word_1_282' title='bbox 1075 4268 1151 4384; x_wconf 78' lang='lat' dir='ltr'><strong>rei,</strong></span> 
     </span>
    </p>

    <p class='ocr_par' dir='ltr' id='par_1_6' title="bbox 1030 4386 1125 4469">
     <span class='ocr_line' id='line_1_38' title="bbox 1030 4386 1125 4469; baseline 0 -26"><span class='ocrx_word' id='word_1_283' title='bbox 1030 4386 1125 4469; x_wconf 66' lang='lat' dir='ltr'><strong>quta</strong></span> 
     </span>
    </p>
   </div>
   <div class='ocr_carea' id='block_1_4' title="bbox 0 0 1379 4859">
    <p class='ocr_par' dir='ltr' id='par_1_7' title="bbox 0 0 1379 4859">
     <span class='ocr_line' id='line_1_39' title="bbox 0 0 1379 4859; baseline 0 0"><span class='ocrx_word' id='word_1_284' title='bbox 0 0 1379 4859; x_wconf 95' lang='lat' dir='ltr'><strong> </strong></span> 
     </span>
    </p>
   </div>
  </div>
 </body>
</html>
