2734 4859
249 597 253 604 ·
508 567 862 650 trunnn.
950 549 986 686 J
1151 585 1247 676 ,μ-

147 733 243 838 Quo
266 729 400 832 stngulr
421 729 508 807 llulc
522 733 676 809 occulto
694 733 866 830 mysterio
884 741 1147 817 convenienter
1164 747 1220 838 vi„-

147 835 332 912 debuntur
355 833 480 928 aptari.
530 833 669 934 Quaell
694 837 745 909 ita
763 833 799 912 se
819 837 977 932 habent,
1006 843 1219 936 competen-

147 950 204 1012 ter
225 931 353 1032 sponsa
374 935 657 1029 uniuscujusque
686 933 858 1011 sodalium
883 959 1027 1036 gregem
1054 940 1217 1034 sponsam

145 1037 223 1130 eius
258 1034 410 1133 intelligi
441 1036 582 1129 voluit,
622 1057 727 1129 quem
759 1036 968 1132 adopertam
996 1044 1214 1122 nominavit.

147 1135 216 1212 Sed
229 1135 401 1230 quoniam
416 1153 516 1211 certa
535 1145 633 1229 eret,
665 1137 766 1229 quod
781 1135 884 1232 super
903 1160 1029 1214 omnes
1047 1144 1124 1216 illas
1142 1143 1216 1238 ipse

144 1233 253 1329 esset,
286 1255 367 1312 unu
383 1237 467 1310 vult
489 1236 607 1312 fimilis
623 1236 740 1310 videri
762 1237 867 1312 alicui
888 1239 1048 1331 ilerum,
1080 1255 1215 1336 utpote

145 1357 231 1430 quae·
243 1332 372 1428 sciret,
398 1349 537 1420 tuntum
557 1337 592 1410 se
611 1337 749 1436 debere
767 1339 973 1433 praecellere
994 1341 1071 1414 illas
1086 1340 1214 1424 sodali·

143 1455 202 1518 um
227 1433 396 1531 sponsu,
429 1457 516 1530 quer
539 1435 664 1530 spond
684 1441 849 1512 nominat
870 1439 973 1513 velut
988 1440 1212 1537 adopertae,

143 1538 541 1630 quantum'eminentiae
558 1533 705 1634 sponsus
726 1534 806 1614 suus
823 1537 980 1614 habebat
999 1541 1044 1613 nd
1058 1537 1211 1622 sodales.

140 1635 210 1712 seu
232 1635 271 1710 dt
296 1655 366 1734 pro
395 1638 471 1713 hoc
490 1637 607 1712 adhuc
627 1636 813 1712 videbitur
832 1639 1069 1732 percontandi
1090 1639 1211 1716 causas

139 1735 321 1833 habuisse,
352 1735 642 1832 quandoquidem
663 1738 752 1815 boni
765 1736 914 1833 pastoris
934 1735 1000 1812 scit
1020 1738 1090 1814 else
1103 1738 1213 1816 studi·

138 1857 223 1930 um,
258 1851 300 1912 ut
324 1835 467 1932 optima
486 1839 621 1913 ovibus
644 1838 773 1934 pascua
795 1839 977 1932 requirat,
1015 1837 1048 1913 dr
1068 1852 1110 1913 nt
1124 1839 1213 1914 vlri-

138 1935 260 2024 dantia
273 1952 385 2030 etque
402 1959 518 2034 opaca
531 1960 679 2033 queque
698 1937 909 2016 nemora'ad
925 1938 1086 2030 requiem
1106 1942 1211 2018 merie

137 2037 232 2120 dimi
248 2037 352 2113 aestus
366 2039 542 2116 inveniat.
595 2040 708 2139 Quod
726 2040 869 2132 quidem
884 2037 1021 2113 sodales
1034 2036 1149 2133 sponsi
1160 2039 1212 2112 fa·

137 2159 220 2214 cere
236 2137 426 2230 nesciunt,
450 2160 519 2214 nec
536 2142 574 2226 in
593 2138 940 2237 eligendispascuis,
974 2153 1036 2213 aut
1055 2137 1210 2214 scientie

135 2251 303 2334 tuntum,
329 2253 394 2314 tut
405 2238 606 2316 solitudinis
623 2255 771 2338 gerunt:
798 2240 899 2314 &ob
914 2241 987 2315 hoc
1003 2239 1110 2314 dicit:
1136 2245 1208 2314 An·

134 2344 259 2416 nuntia
276 2341 382 2425 milri,
415 2341 469 2434 ubi
481 2343 597 2436 pascis,
630 2341 686 2413 ubi
700 2341 797 2415 cubile
809 2342 902 2411 hales
916 2348 953 2410 in
969 2345 1118 2413 meridie.-
1147 2361 1210 2418 cu,-

132 2441 236 2536 piens
257 2453 401 2536 tempus
420 2438 555 2517 scillcet
574 2441 684 2535 illud,
712 2461 786 2535 quo
803 2439 984 2533 copiosrns
1001 2439 1135 2514 mundo
1155 2442 1209 2520 lu.-

133 2561 215 2617 tuen
234 2541 458 2635 infunditur,
486 2563 559 2636 quo
575 2543 686 2639 magis
704 2563 823 2618 merus
841 2540 892 2614 est
908 2541 1002 2634 dies,
1029 2540 1208 2634 &purior

133 2641 428 2738 ‚dtflorulentior
443 2642 493 2717 est
509 2646 583 2720 lux.
640 2635 751 2726 Tune,
776 2643 907 2735 inquit,
933 2650 1101 2712 annuntia
1113 2642 1207 2730 mihi,

131 2760 221 2823 otu,
246 2768 339 2841 quem
357 2743 473 2816 dilexit
487 2748 597 2815 anima
615 2768 698 2833 mea,
726 2742 779 2814 uli
790 2743 903 2841 pascis,
930 2742 986 2813 udi
1000 2743 1095 2812 cubile
1111 2740 1205 2811 habes

129 2845 169 2914 r'n
187 2845 359 2932 merida,
375 2869 418 2916 ne
427 2843 522 2939 forte
544 2837 683 2932 effier'ur,
717 2858 755 2914 ut
774 2846 920 2937 adoperta
937 2841 1030 2935 super
1041 2866 1144 2934 greges
1154 2841 1209 2926 sn·

131 2944 255 3016 dulium
276 2961 415 3019 tuorum.
465 2942 586 3017 Novo
613 2965 712 3018 nunc
731 2944 879 3016 nomine
900 2939 1026 3034 sponsa
1052 2941 1206 3034 appella-

132 3043 189 3118 vit
207 3041 390 3140 sponsum.
440 3041 565 3118 Sciens
581 3047 690 3135 enim,
712 3041 824 3138 ipsum
841 3039 910 3114 elle
928 3040 1038 3115 filium
1055 3041 1207 3114 charita·

132 3143 205 3236 tis,
218 3147 298 3218 imo
314 3143 426 3236 ipsum
442 3142 513 3218 else
527 3143 751 3236 charitatem,
779 3141 1006 3234 queeexDeo
1019 3140 1083 3233 est,
1110 3139 1207 3233 quast

134 3245 358 3317 vocab'ult'lm
379 3241 413 3338 ei
436 3241 528 3316 istud
549 3242 688 3337 posuit:
730 3248 833 3337 Quem
857 3244 972 3312 dilexit
998 3247 1107 3317 anima
1127 3267 1204 3316 mea.

131 3339 181 3416 Et
202 3359 327 3417 tamen
350 3355 427 3417 non
449 3343 558 3437 dixit,
585 3364 691 3435 quem
715 3342 844 3432 dilexi,
869 3340 930 3415 sed
950 3363 1056 3432 quem
1078 3340 1205 3413 dilexit

132 3435 250 3520 eulina
266 3463 362 3518 rnen:
388 3440 520 3525 sciens,
546 3466 623 3517 non
645 3444 895 3535 qualicumque
913 3441 1118 3531 diledllone,
1146 3437 1206 3513 sed

131 3563 176 3616 ex
193 3557 278 3616 tota
294 3544 429 3634 anima,
456 3543 642 3617 &extotis
652 3545 804 3637 viribus,
833 3541 1206 3614 &extotocordelrn

130 3643 288 3718 bendum
311 3640 382 3716 else
401 3642 630 3718 dilectionem
649 3642 777 3736 sponsu
838 3643 900 3712 Uli
916 3647 1032 3736 palcis,
1064 3642 1204 3732 inquit,

131 3754 169 3820 σ
188 3743 244 3816 uli
259 3741 360 3816 cubile
373 3743 476 3815 hales.
523 3742 620 3818 Puto
638 3757 773 3833 autem,
801 3742 898 3831 quod
916 3741 949 3814 dr
964 3743 1144 3835 propheta
1158 3740 1203 3812 de

131 3842 344 3936 hocloco,
370 3862 476 3936 quem
493 3864 591 3916 nunc
612 3841 737 3936 sponsa
753 3840 887 3915 discere
908 3845 952 3915 nb
975 3841 1051 3936 ipso
1072 3836 1203 3934 sponso

133 3943 331 4034 desiderat,
364 3944 569 4036 uendite,
603 3944 711 4018 etiam
738 3939 811 4035 ipse
837 3941 898 4013 sub
920 3943 1049 4017 eodem
1066 3941 1203 4034 pesitus

133 4043 280 4136 pastore
300 4041 412 4116 dicat:
448 4041 607 4114 Dominus
625 4049 705 4136 regit
722 4067 787 4129 me,
812 4041 887 4115 five
907 4056 948 4114 ut
965 4044 1001 4116 in
1023 4043 1097 4116 aliis
1119 4039 1204 4133 legi·

132 4163 233 4218 mus:
263 4146 426 4214 Dominus
439 4143 538 4236 pascit
555 4168 611 4228 me,
638 4143 676 4218 (5
692 4145 782 4213 nihil
795 4144 878 4212 miles·
893 4145 1002 4214 deerit.
1054 4137 1100 4210 Et
1114 4158 1203 4229 quo·

133 4243 232 4322 niam
252 4240 411 4340 sciebat,
438 4244 528 4319 alios
550 4241 712 4419 paliares
739 4244 802 4318 vel
826 4242 989 4340 ignavia,
1016 4241 1078 4314 vel
1094 4241 1203 4354 impe.-

683 4368 712 4437 4
1075 4357 1167 4420 tltru
