2734 4859
578 693 587 704 '
790 657 1540 806 HOMILIA
1639 719 1880 812 xx„
2218 748 2360 824 721

214 891 431 968 venit
454 889 799 985 malleus,
850 885 969 964 sed
1001 887 1330 968 crassiori.
1435 879 1505 968 Si
1527 879 1778 986 portae
1809 890 2187 988 imaginem
2216 902 2360 966 ter·

215 993 415 1088 reni,
464 991 759 1067 malleus
796 1003 912 1084 te,
965 991 1127 1082 quia
1166 969 1642 1084 terrenus⁸es‚
1694 993 2050 1085 percutit3
2104 992 2155 1067 s1
2187 1013 2360 1088 pec-

220 1113 387 1188 cas,
441 1091 508 1166 &
558 1101 751 1165 terr'a
804 1112 924 1183 es,
980 1091 1049 1163 δι
1096 1093 1170 1165 in
1223 1105 1488 1164 terram
1521 1090 1701 1182 ibis,
1755 1093 2145 1188 experieris
2182 1094 2370 1186 mal-2

216 1195 413 1267 lenm
439 1189 787 1267 universae
820 1205 1027 1264 terrae
1054 1189 1121 1262 δι
1151 1192 1325 1264 inte
1356 1204 1804 1283 operantem.
1909 1190 2126 1285 Juxta
2148 1192 2358 1270 illum

217 1289 656 1366 intellectum
676 1344 701 1386 ‚
752 1290 926 1362 illud
956 1309 1247 1384 quoque
1272 1288 1986 1365 animadvertendum
2010 1291 2152 1382 est,
2195 1293 2356 1366 uni-

216 1389 440 1466 versae
481 1405 691 1464 terrae
733 1391 1064 1464 malleum
1090 1435 1115 1467 2
1167 1391 1329 1482 quia
1373 1389 1746 1464 adversum
1784 1389 2032 1465 cuneta
2065 1405 2356 1469 terrent

214 1492 622 1586 potentiam
652 1486 839 1564 suam
869 1504 1241 1580 exerceat,
1292 1487 1645 1564 Zabulum
1666 1485 1837 1562 effe:
1888 1487 2090 1584 poss'e
2111 1505 2374 1586 autem,

218 1592 432 1664 etiam
465 1587 817 1664 minorem
849 1583 1179 1664 m‘alleum
1214 1589 1514 1686 intelligi
1551 1642 1578 1683 ‚
1630 1591 1748 1679 qui
1794 1610 1948 1662 non
2001 1589 2357 1663 universae

170 1769 173 1776 ,
221 1705 432 1761 terrae
482 1689 567 1761 fit
614 1691 952 1780 malleus,
1010 1687 1123 1761 sed
1176 1688 1363 1761 illius
1419 1687 1543 1783 (ut
1593 1687 1692 1760 ita
1743 1687 2013 1783 dicam)
2045 1689 2111 1762 δι
2164 1691 2355 1764 illius

170 1805 173 1812 ·
217 1790 445 1883 partis
485 1805 714 1866 terrae.
818 1785 915 1861 Et
946 1789 990 1861 fi
1028 1789 1309 1882 quidem
1347 1807 1488 1861 una
1522 1789 1752 1880 aliqua
1791 1790 2156 1862 contraria
2203 1787 2358 1862 for-

169 1888 467 1980 ‚titudo
518 1889 689 1964 mihi
751 1903 1151 1984 repugnat,
1206 1889 1273 1962 δι
1327 1885 1760 1961 εοΗιιᾶειωι·
1819 1909 2144 1982 mecum,
2197 1907 2360 1966 non

169 2009 181 2074 ζ
219 1993 476 2062 valens
510 2005 673 2062 cum
702 1988 1047 2061 universis
1073 1987 1267 2062 simul
1296 1988 1710 2064 hominibus
1748 1988 2090 2084 congredi
2117 2002 2201 2060 ut
2219 1987 2362 2065 Za-

169 2104 182 2184 g
218 2089 473 2183 bulus,
526 2103 705 2160 tunc
742 2085 841 2160 est
880 2089 1164 2182 quidem
1208 2090 1502 2163 malleus
1531 2091 1605 2160 in
1643 2110 1806 2182 me,
1858 2086 1975 2162 sed
2009 2109 2163 2162 non
2203 2090 2363 2162 uni-

169 2207 181 2276 ζ
222 2185 447 2261 versae
472 2200 682 2258 terrae
714 2190 1006 2261 malleus
1030 2243 1055 2284 ,
1109 2207 1359 2262 verum
1409 2186 1534 2284 (ut
1563 2187 1963 2286 ita'dicam)
1995 2209 2171 2261 rneae
2205 2201 2362 2261 tan·
2429 2235 2440 2250 x

169 2301 182 2380 ζ
224 2303 381 2361 tum
404 2287 703 2360 'maneus
736 2303 967 2360 terrae.
1032 2285 1432 2362 Confrafito
1460 2304 1695 2360 autem
1726 2287 1792 2360 δι
1831 2288 2156 2360 contrito
2187 2289 2364 2362 mal-

169 2383 181 2418 ’·
220 2390 351 2462 leo
389 2384 733 2458 universae
766 2402 1011 2476 terrae,
1063 2387 1231 2482 quid
1264 2385 1543 2462 necesse
1576 2386 1677 2460 est
1713 2388 2039 2462 arbitrari
2073 2387 2162 2460 de
2191 2387 2365 2460 mal-

174 2489 351 2561 -leo
402 2488 707 2579 partium
762 2484 1031 2562 terrae‘?
1096 2487 1460 2580 simulque
1513 2486 1837 2560 existimo
1891 2487 2366 2562 admiratione

224 2589 560 2684 dignum,
612 2586 951 2678 quoniam
982 2585 1332 2660 universae
1375 2601 1583 2660 terrae
1619 2590 1913 2662 malleus
1952 2587 2038 2661 fit
2067 2589 2366 2662 commi-

218 2703 470 2762 nutus,
524 2685 721 2784 Quid
752 2686 937 2758 enim
966 2706 1340 2784 magnum,
1397 2687 1439 2760 sl
1473 2686 1731 2760 fraetus
1765 2685 2040 2779 fuiffet,
2093 2685 2369 2761 &con-

224 2787 443 2860 tritus
494 2785 787 2859 malleus
835 2787 1143 2879 partium
1176 2801 1384 2858 terrae
1415 2783 1452 2857 ἓ
1515 2785 1657 2882 Sed
1699 2808 1878 2872 vere
1917 2807 2114 2860 nunc
2152 2785 2371 2860 admi·

228 2885 533 2960 randum
572 2883 721 2973 est,
776 2885 938 2974 quia
979 2883 1328 2970 universae
1367 2900 1577 2958 terrae
1611 2887 1907 2962 malleus
1953 2884 2368 2960 confrastus

170 3025 189 3032 -
228 3001 456 3078 atque
495 2984 853 3057 contritus
877 2981 1013 3057 est.
1094 2989 1099 2996 '
1587 2979 1592 3014 ³
1689 3007 1696 3016 ·
1799 2997 1814 3080 ’-

390 3107 457 3159 2.
508 3081 677 3160 Post
720 3083 871 3155 haec
918 3103 1163 3173 quaero
1193 3137 1218 3177 ‚
1294 3085 1449 3174 quis
1499 3083 1583 3158 fit
1631 3081 1760 3157 iste
1787 3097 1830 3178 ‚¹
1863 3081 2376 3178 qui‘universae

235 3195 455 3260 terrae
489 3186 821 3258 malleum
858 3181 1297 3280 confregerit
1329 3237 1353 3275 ‚
1410 3185 1477 3256 &
1509 3185 1983 3258 contriverit:
2039 3184 2105 3259 δι
2137 3182 2377 3260 dicam

230 3279 553 3376 Moysen
604 3302 755 3354 non
810 3280 1119 3374 potuiss'e
1184 3283 1648 3378 confringere
1711 3297 1927 3376 atque
1989 3296 2378 3357 con-terere

229 3385 567 3463 malleum
600 3379 946 3454 universae
982 3396 1230 3476 terrae,
1282 3404 1522 3473 neque
1555 3397 1721 3455 ante
1743 3405 1930 3457 eum
1965 3380 2379 3476 Abraham,

232 3504 477 3576 neque
530 3480 695 3574 post
744 3501 906 3554 eum
960 3480 1191 3574 Jesum
1246 3481 1510 3572 Nave,
1583 3487 1825 3574 neque
1874 3483 2086 3556 alium
2134 3503 2380 3574 quem·

236 3603 453 3678 quam
505 3579 1046 3675 prophetarum.
1150 3583 1332 3679 Quis
1389 3602 1564 3676 crgo
1611 3585 1859 3675 potuit
1911 3586 2162 3670 talem,
2213 3597 2382 3656 tan-

238 3700 541 3775 tumque
592 3682 878 3774 virum,
947 3679 1014 3751 &
1046 3681 1392 3754 univcrsae
1429 3697 1638 3753 terrae
1679 3675 2006 3756 mallentin
2059 3681 2383 3756 confrin-

236 3803 413 3881 gere
442 3778 973 3854 &conterere2
1031 3781 1213 3878 Quis
1247 3779 1346 3853 est
1381 3779 1561 3853 iste?
1615 3781 1813 3876 Jesus
1845 3781 2168 3855 'Christus
2205 3803 2382 3854 con-

239 3883 461 3977 fregit
506 3895 722 3972 atque
756 3880 1135 3952 -contrivit
1174 3882 1505 3954 maileum
1543 3877 1889 3954 universa,-
1927 3899 2162 3956 terrae.
2281 3879 2382 3954 Et

242 3986 396 4059 hoc
435 3997 627 4054 nunc
664 3980 1010 4054 admirans
1046 3979 1122 4052 in
1163 3979 1432 4074 Spiritu
1465 3979 1706 4054 saneto
1742 3981 2189 4075 Prophetes,
2239 3983 2384 4055 ait:

242 4082 569 4176 Quomodo
611 4081 980 4171 confraffm
1013 4080 1093 4154 δ’
1124 4085 1444 4152 contritus
1489 4081 1566 4170 eli
1604 4083 1860 4161 manvus
1893 4081 2207 4170 aniversae
2249 4097 2388 4154 ter-

246 4177 385 4257 rae?
434 4179 675 4252 Primo
712 4178 1175 4272 confractus,
1230 4181 1297 4253 ἂ
1346 4181 1714 4254 contritus'
1754 4181 1856 4254 est
1907 4181 2186 4254 deinde.
2287 4174 2389 4254 Et

246 4281 590 4376 quoniam
616 4281 849 4374 reperi
884 4279 1335 4354 Salvatorem
1378 4278 1565 4363 ess'e,
1615 4282 1736 4373 qui
1759 4280 2393 4377 confregerit-‚mal-

250 4388 445 4459 leum
476 4377 823 4453 universae
852 4392 1102 4472 terrae,
1154 4379 1222 4455 δι
1251 4377 1690 4455 contriverit
1723 4399 1938 4480 eum,
1987 4380 2277 4458 veniam
2303 4375 2408 4456 ad.

368 4485 665 4580 origenis
724 4479 900 4556 Tem·
956 4481 1099 4556 IX.
1497 4479 1567 4561 Z
1589 4501 1638 4562 z
2101 4494 2348 4554 exim-
