2734 4859
634 699 643 718 .
790 632 1932 736 unuln-rann:
2233 657 2384 741 ⁷17

253 804 485 885 eorda
516 860 544 901 ‚
611 803 800 880 aliud
838 800 1136 877 scrutari
1183 798 1409 875 corda
1445 797 1524 873 ἃ·
1550 811 1785 877 renea.
1851 795 2032 879 Non
2061 799 2386 885 omnium

252 912 611 985 scrutatur
652 903 874 978 corda
919 903 987 975 δι
1018 922 1273 996 renes,
1327 895 1446 974 sea
1485 914 1976 1008 &ccatoruru
2059 903 2145 978 In
2181 905 2228 980 fi
2279 907 2424 980 ni-.

254 1008 482 1083 ficato
536 1007 722 1078 enim
774 1004 985 1078 verbi
1031 1001 1239 1095 huj'us
1271 1003 1524 1089 ,scrutor
1565 997 1856 1099 insisto,
1909 1006 2105 1098 quod
2140 1004 2214 1078 in
2296 1025 2383 1080 ac

255 1111 413 1182 vita
460 1106 718 1180 dicitur
757 1104 847 1177 de
890 1104 973 1194 iis
1010 1155 1037 1196 ‚
1090 1101 1210 1194 qui
1256 1113 1692 1200 torquentur
1734 1102 1810 1176 in
1860 1105 2383 1199 tribunalibus,

253 1209 380 1280 ubi
410 1208 520 1279 alii
557 1205 840 1297 quidem
888 1199 1345 1295 quaestionem
1390 1199 1842 1294 habent,''‘de
1891 1203 2042 1276 aliis
2087 1202 2384 1296 quaestio

252 1308 589 1397 habetur,
612 1306 677 1377 δι
705 1304 774 1376 hi
801 1305 874 1375 in
904 1300 1311 1399 graviffimis
1336 1299 2135 1380 doloribus-versantur.
2185 1301 2384 1378 Tor'-

256 1421 459 1478 tores
504 1406 746 1495 itaque
797 1399 1203 1474 scrutantur
1241 1401 1513 1492 latera,
1579 1395 1983 1478 scrutantur
2022 1422 2376 1497 corpora3

251 1505 619 1580 Dominus
644 1514 877 1574 autern
903 1498 1091 1573 solus
1115 1520 1396 1576 novum
1427 1501 1648 1573 habet
1668 1497 2022 1575 scrutandi
2045 1501 2375 1579 modurnt

255 1605 610 1678 scrutatur
644 1602 831 1675 enim
876 1601 1101 1674 corda
1127 1651 1153 1694 ‚
1206 1599 1274 1671 δι
1309 1595 1384 1674 in
1421 1598 1638 1673 solius
1665 1599 1980 1696 *Domini
2019 1601 2379 1695 potestate

256 1702 367 1777 est
392 1701 680 1774 scrutari
710 1701 932 1774 corda
959 1702 1024 1773 δι
1051 1697 1301 1780 renes„
1366 1698 1806 1774 Latronibus
1845 1700 1964 1774 hic
1983 1697 2170 1794 juffu
2206 1721 2382 1797 prae-

255 1802 419 1879 fidis
453 1804 674 1875 latera
704 1800 1156 1890 fodicantur3
1206 1800 1307 1873 ibi
1345 1811 1585 1873 autem
1625 1819 1780 1874 non
1803 1799 1988 1892 juss‘u
2017 1799 2206 1897 Dei,
2257 1799 2379 1876 sed

260 1908 353 1976 ab
380 1900 684 1994 ipsomet
700 1899 1025 1975 Domino
1046 1917 1257 1973 renes
1282 1897 1351 1972 δι
1380 1899 1603 1974 corda
1631 1900 2379 1994 uniuscujusque-exas-

254 2003 660 2088 minantur3
706 1999 832 2075 nifi
862 1999 1061 2074 forte
1094 1999 1213 2073 hic
1241 1998 1468 2084 dicam
1499 1995 1724 2074 filium
1757 1997 1958 2094 effe‚'
1993 2001 2109 2075 cui
2134 2003 2381 2094 praei·-

254 2104 453 2196 pitur
486 2155 512 2194 ‚
563 2114 840 2194 patrem
874 2118 1063 2172 vero
1090 2150 1117 2194 ‚
1170 2099 1292 2191 qui
1326 2099 1649 2193 precipit
1677 2150 1705 2193 ‚
1755 2100 2205 2193 verbumque
2237 2097 2383 2178 effe

256 2194 461 2293 quod
500 2198 851 2273 scrutatur
888 2217 1097 2273 renea
1144 2197 1215 2271 δε
1265 2198 1543 2292 corda-²,
1595 2217 1682 2272 ac
1705 2199 2038 2274 omnibus
2075 2200 2380 2274 torturis

256 2303 743 2391 omnibusque
768 2298 1145 2372 doloribus
1175 2289 1516 2392 graviora
1545 2295 1688 2372 effe
1723 2312 1908 2395 puto
1945 2312 2308 2374 tormenta
2335 2319 2380 2374 ι

254 2401 520 2474 Verbo
553 2418 764 2471 renes
805 2398 873 2470 δι
910 2398 1130 2471 corda
1165 2394 1538 2471 scrutante·
1571 2395 1789 2474 illata.
1905 2399 2380 2496 Quapropter
2463 2441 2470 2450 ·

254 2499 461 2575 omni
508 2519 653 2594 ope
695 2498 1005 2573 nitamur
1037 2544 1063 2577 ‚
1123 2510 1211 2570 ut
1269 2497 1624 2590 ejusmodi
1674 2499 1980 2572 examini
2033 2519 2190 2573 non
2239 2512 2381 2574 tra·

253 2602 510 2688 damur
540 2648 575 2693 ‚-
620 2617 768 2689 quo
800 2596 1085 2689 quidem
1132 2593 1476 2672 examine·
1503 2595 1788 2672 leviora
1840 2597 2012 2672 illoa
2051 2597 2378 2675 existimo

251 2701 447 2795 pati,
496 2699 615 2791 qui
659 2697 1088 2794 evangelicis
1135 2693 1589 2771 exactoribus
1624 2696 2023 2772 traduntur.
2121 2691 2380 2776 Multis

255 2799 453 2872 enim
488 2796 864 2870 traduntur
885 2849 912 2890 ‚
980 2797 1048 2870 δι
1075 2793 1371 2870 fortass'e
1403 2796 1722 2892 pluribus
1765 2795 2214 2873 enfitoribus
2253 2798 2377 2874 sub

256 2899 542 2994 initium
573 2950 598 2990 ‚
652 2918 811 2970 cum
850 2895 1158 2969 necdum
1192 2893 1382 2991 digni
1410 2893 1770 2969 evaserint
1813 2897 1932 2987 qui
1960 2897 2086 2970 uni
2114 2898 2377 2973 Verbo

257 2999 491 3072 corda
517 3015 870 3087 renesque
900 2993 1241 3068 scrutanti
1283 2994 1673 3070 tradantur.
1776 2993 2010 3068 Dives
2048 2997 2170 3070 ille
2195 3016 2381 3070 non·

260 3099 434 3171 dum
468 3097 717 3193 dignus
752 3110 905 3166 erat
933 3147 958 3187 ‚
1013 3093 1135 3185 qui
1172 3095 1395 3166 corda
1431 3092 1501 3166 δι
1531 3112 1738 3170 renes
1765 3092 2106 3168 scrutanti
2149 3098 2382 3172 trade-

250 3212 505 3289 retur,
556 3196 867 3284 ideoque
894 3217 934 3265 a
963 3167 1280 3286 plufflvus
1310 3191 1806 3284 torquebatur.
1902 3192 2225 3268 Tandem
2258 3215 2384 3271 ve-

256 3319 355 3372 ro
402 3313 641 3369 utrum
689 3297 906 3367 etiam'
937 3296 1083 3368 hoc
1112 3292 1530 3385 experiatur
1563 3313 1703 3366 nec
1735 3314 1832 3367 ne
1863 3345 1889 3384 ‚
1941 3297 2060 3386 qui
2097 3295 2380 3400 potest-

256 3397 596 3488 inquirat.
648 3389 757 3465 Ut
781 3407 865 3465 ut
892 3391 1034 3484 est,
1087 3412 1242 3484 quae
1268 3413 1406 3466 nos
1438 3410 1773 3485 manent,
1826 3391 2149 3468 tortores
2177 3393 2379 3490 sunt,

261 3498 339 3571 &
379 3494 730 3567 scrutator
778 3491 1106 3566 cordium
1156 3492 1224 3564 δι
1272 3511 1525 3568 renum
1571 3494 1664 3567 de
1710 3495 2024 3586 peccatis
2075 3493 2380 3571 nostrisa

264 3598 525 3689 quibus
568 3595 640 3666 ni
673 3596 823 3665 cito
871 3593 1252 3665 liberemur
1278 3645 1303 3685 ‚
1371 3593 1443 3666 in
1477 3589 1619 3667 istis
1657 3593 2098 3670 haerebimus.
2198 3594 2382 3674 Ideo

261 3694 561 3770 excitati
613 3713 825 3786 opem
868 3714 908 3765 a
950 3691 1117 3764 Deo
1163 3687 1602 3785 postulemus
1641 3707 1725 3765 ut
1761 3693 1836 3765 in
1883 3689 2169 3766 Christo
2215 3692 2382 3790 Jesu

266 3794 782 3870 beatitudinem
814 3789 1329 3884 consequamur
1360 3812 1384 3866 e
1447 3793 1567 3891 cui
1601 3790 1708 3870 est
1745 3791 1976 3892 gioria
2013 3794 2091 3869 in
2131 3789 2380 3877 saecula

266 3894 712 3984 feudorum,
816 3892 1077 3972 Amen.
1779 3935 1784 3940 -

1988 4371 2286 4472 HOMI-
