2734 4859
564 733 569 738 ·
652 637 1433 780 sH0M1LIA
1532 695 1857 780 xv111.
2199 705 2413 798 επ·

214 865 549 967 peractos
587 864 819 962 lapsus
862 866 1082 939 fueris
1136 863 1203 937 δι
1239 865 1704 959 peccaveris,
1755 881 2011 940 omnes
2055 862 2346 944 labores

215 974 328 1043 tui
370 970 445 1042 in
483 987 733 1041 manus
783 962 1480 1046 Nabuchodonosor
1525 977 1908 1040 venerunt.
2003 967 2350 1065 Quomo-

218 1073 319 1144 do
365 1090 616 1142 omnes
651 1069 936 1141 labores
981 1066 1086 1137 tui
1129 1066 1428 1158 abibunt
1466 1062 1654 1137 tibi?
1704 1062 1776 1137 Si
1807 1062 1972 1158 post
1994 1064 2346 1162 plurimos

215 1192 355 1264 pro
406 1170 715 1241 veritate
761 1169 1047 1238 labores
1089 1161 1452 1258 susceptos
1499 1164 1843 1240 cecideris
1876 1217 1903 1259 ‚
1967 1165 2222 1240 frustra
2267 1165 2345 1240 in

216 1273 327 1343 his
369 1269 778 1341 desudatum
833 1264 955 1339 est.
1064 1266 1209 1361 Qui
1259 1281 1396 1357 pro
1427 1265 1732 1353 &virtute
1775 1265 2041 1339 multos
2079 1265 2202 1340 fibi
2247 1265 2346 1338 la-

216 1371 438 1441 bores
485 1368 893 1441 exantlatos
950 1361 1452 1461 cognoscunt,
1503 1365 1551 1437 ii
1597 1364 1902 1440 maxime
1932 1365 2188 1439 timere
2225 1364 2348 1439 de-

214 1471 445 1558 bent,
499 1466 883 1556 nequando
920 1466 1207 1537 labores
1250 1483 1504 1538 eorum
1536 1464 1609 1537 in
1641 1461 2023 1559 Jerusalem
2069 1461 2345 1559 suscep-

214 1583 339 1640 tos
394 1567 683 1658 arripiat
731 1585 860 1639 rex
921 1563 1314 1658 Babylonis
1363 1561 2108 1657 Nabuchodonosor,
2169 1565 2220 1638 fi
2264 1566 2344 1641 iu

213 1680 595 1760 peccatum
638 1664 1040 1738 inciderint.
1176 1663 1286 1738 Ut
1337 1664 1596 1737 clarius
1655 1664 1904 1738 videas
1936 1717 1962 1757 ‚
2036 1684 2344 1759 quanam

212 1767 506 1838 ratione
557 1766 841 1837 labores
880 1764 1248 1857 peccantis
1297 1761 1681 1859 Jerusalem
1736 1763 2345 1838 Nabuchodonoss

217 1865 338 1939 sor
367 1866 694 1957 arripiat,
742 1862 1031 1938 afferam
1051 1918 1076 1958 ,
1117 1884 1272 1956 quae
1303 1864 1379 1937 in
1407 1861 1793 1938 Ezechiele
1819 1867 1920 1940 ita
1939 1866 2340 1941 habentur:

225 1966 454 2063 Juftus
477 1967 536 2060 fi
555 1967 621 2055 fh
663 1972 984 2036 averterit
1014 1992 1055 2035 a
1092 1964 1371 2061 justitiis
1388 1963 1572 2054 suis,
1623 1961 1701 2042 U·
1729 1964 1966 2058 fecerit
1997 1965 2338 2047 deliflum,

214 2091 352 2136 non
408 2068 762 2136 recordabor
804 2065 1208 2159 justitiarum
1255 2069 1429 2160 ejus,
1492 2087 1648 2163 qus
1697 2064 1886 2159 fecit.
1987 2064 2135 2139 Cur
2183 2062 2342 2138 ita?

218 2186 475 2236 omnes
524 2187 780 2256 nempe
808 2162 1107 2258 justitias
1150 2184 1310 2238 cum
1347 2165 1601 2238 labore
1633 2162 1852 2240 saetas
1901 2166 2151 2261 arripit
2189 2165 2343 2241 Na-

205 2262 827 2357 buchodonosor,
877 2263 944 2335 &
981 2264 1177 2337 delet
1219 2262 1905 2339 Nabuchodonoser
1943 2285 2073 2342 rex
2109 2264 2343 2360 Baby-

208 2368 402 2440 lonis
428 2418 453 2456 ,
507 2364 574 2436 &
609 2386 895 2438 ornnem
935 2364 1293 2438 honorem
1320 2362 1702 2457 Jerusalem
1732 2364 2069 2461 absumit,
2121 2385 2342 2459 quan·

213 2467 317 2539 do
363 2467 536 2534 homo
586 2467 661 2537 in
707 2467 995 2537 honore
1037 2465 1447 2537 collocatus
1480 2484 1521 2538 a
1547 2462 1764 2557 Dee,
1803 2491 1952 2540 ,cum
1996 2475 2070 2537 in
2101 2469 2342 2542 Ιιοηονο

216 2564 397 2657 efflet,
438 2590 567 2634 non
599 2567 952 2652 imeHexit,
1006 2563 1076 2636 δι
1101 2564 1463 2658 peccavit.
1564 2559 1635 2636 Si
1668 2565 1885 2662 igitur
1910 2567 2052 2659 jam
2088 2563 2162 2640 in
2199 2569 2346 2642 ho·'

211 2685 402 2740 nore
434 2663 905 2755 constitutuS‚
943 2663 1006 2737 a
1033 2677 1341 2737 vocatus
1376 2665 1461 2738 ad
1483 2662 1884 2759 honorem,
1908 2664 2141 2741 rursus
2169 2689 2339 2761 pec-

213 2766 453 2838 cando
486 2782 560 2836 te
591 2766 951 2837 dedecore
992 2762 1362 2856 affeceris»,
1415 2763 1772 2838 honorem
1804 2766 2200 2861 Jerusalem
2219 2770 2340 2843 ab·

207 2863 794 3057 affingi&
801 2865 1524 3057 'fessff{·1em¹f's⁰e'3”fi‘
1550 2863 2340 3061 ἕὲἓῗέῗέῆῖῗὶὴίῗέἅί

212 3085 342 3137 ros
381 3065 530 3156 ejus
586 3066 780 3156 capit
819 3062 1286 3153 Babylonius,
1415 3062 1510 3132 Er
1551 3070 1874 3164 arripient
1907 3089 2052 3153 eos,
2121 3062 2201 3142 (5
2238 3092 2341 3140 ca·

203 3171 396 3265 pient
441 3189 574 3249 eos,
631 3162 710 3239 (5
746 3166 972 3233 ducent
1015 3187 1107 3233 eos
1145 3166 1220 3232 in
1256 3160 1649 3255 Babylonem.
1756 3165 1855 3237 Et
1894 3180 1970 3235 tu
2021 3167 2336 3257 Pafihor,

216 3264 297 3340 Θ
321 3287 529 3334 omnes
567 3266 939 3334 habitantes
978 3268 1053 3331 in
1081 3264 1252 3332 domo
1278 3281 1427 3347 tua,
1473 3261 1648 3334 ibitis
1686 3269 1759 3336 in
1789 3270 2337 3361 captivitateme'n

217 3367 600 3457 Babylonem
628 3417 652 3454 ‚
723 3366 798 3436 (5
839 3366 927 3430 ihi
976 3367 1302 3448 morieris,
1377 3368 1453 3436 U
1495 3364 1587 3433 ibi
1626 3365 1959 3461 [cpelr'erir.
2059 3367 2205 3465 Qui
2258 3368 2337 3443 in

214 3464 650 3539 confusione
706 3460 1271 3555 deprehenditur
1302 3513 1329 3553 ‚
1410 3462 1485 3534 in
1551 3460 1930 3557 Babylone
2006 3467 2337 3546 mor-itur.

214 3568 369 3661 Qui
404 3585 556 3637 non
596 3562 697 3636 est
729 3577 1014 3655 paratus
1062 3558 1336 3656 sepeliri
1376 3582 1538 3636 cum
1584 3563 1909 3658 Christo,
1962 3566 2080 3639 hic
2110 3568 2182 3640 in
2207 3567 2339 3641 Ba·

211 3668 495 3755 bylone
535 3661 887 3756 sepelitur.
1010 3656 1221 3735 Licet
1271 3662 1462 3737 enim
1501 3664 1802 3756 pulchre
1837 3687 1997 3742 cum
2045 3662 2340 3754 Christo

214 3761 493 3854 sepeliri
548 3764 623 3835 in
666 3760 1129 3855 baptismate,
1177 3761 1386 3855 juxta
1438 3763 1660 3838 illud:
1727 3768 2085 3862 Consepulti
2105 3766 2340 3867 fiemus

211 3888 354 3934 cum
385 3864 666 3959 Christo,
718 3870 793 3937 U
810 3863 1005 3950 simul
1026 3861 1477 3945 resurreximus
1506 3888 1644 3934 cum
1667 3889 1757 3942 ιο.
1858 3866 2058 3942 Sicut
2082 3867 2342 3963 myste-

209 3964 400 4036 rium
439 3961 539 4035 est
576 3983 737 4035 cum
771 3959 1057 4035 Christo
1093 3957 1363 4055 sepeliri
1389 4015 1415 4055 ‚
1468 3964 1567 4035 ita
1596 3985 1750 4039 non
1775 3966 1918 4042 fine
1946 3969 2339 4062 iniquitatis

210 4060 558 4153 mysterio
589 4060 922 4154 sepelitur
959 4076 1306 4154 peccator
1341 4062 1417 4134 in
1453 4061 1855 4159 Babylone.
1965 4069 2056 4141 Et
2091 4091 2339 4158 omna,

214 4165 491 4254 inquit,
541 4167 724 4232 amici
752 4168 853 4230 tui
889 4163 1032 4231 ich
1055 4162 1344 4245 abibitis,
1401 4165 1619 4257 quibus
1643 4167 2019 4264 prophetasti
2042 4174 2122 4239 eis
2139 4166 2341 4259 falfi:-

213 4264 370 4365 Qui
409 4263 593 4340 male
634 4261 1151 4355 interpretatur
1180 4263 1475 4337 oracula
1506 4261 1651 4339 Dei
1670 4318 1704 4370 Ι,
1755 4266 1825 4341 &
1860 4269 2336 4362 propheticos

1969 4365 2242 4443 sermo-
