2734 4859
113 473 125 496 ἱ
206 449 210 456 .

194 613 279 735 'nx
302 649 531 734 ortorum
554 655 611 732 ru
636 651 834 737 cnunc
862 654 1063 737 caune
1121 663 1193 742 ,σι

130 813 279 902 sensa,
266 838 305 892 tn
318 839 393 911 ejus
405 817 578 894 inducunt
596 817 811 910 cubiculum,
837 820 1185 914 quasponsumcon·

131 917 242 1012 cepit
292 913 426 991 Eadem
448 932 564 991 autern
578 927 691 992 mater
709 918 925 1007 ostenditur,
952 921 1078 1014 &qua
1096 944 1205 998 conv

132 1018 250 1111 cepit,
284 1018 365 1108 quia
390 1015 428 1089 in
454 1018 697 1110 conceptione
718 1018 858 1091 initium
877 1018 1098 1095 subsistentiae
1120 1022 1181 1102 est.
1267 1065 1275 1082 ι

130 1116 255 1190 Mater
275 1138 366 1188 vero
389 1131 614 1209 nuncupator
637 1115 718 1210 post
735 1117 1007 1213 formationem,
1042 1121 1181 1198 &con-

131 1230 248 1311 ceptae
265 1236 318 1291 rer
308 1215 601 1310 perfectionem.

205 1317 289 1409 Qu
302 1316 342 1411 ιβ
363 1314 437 1412 isia,
462 1340 528 1412 qua
544 1316 693 1405 oscmdit.
744 1314 861 1389 Valde
881 1294 1026 1408 pllichra
1045 1316 1094 1391 est
1110 1321 1202 1398 ani·

129 1434 211 1506 rna,
249 1436 325 1507 quae
348 1416 425 1486 vita
451 1415 639 1488 &ratione
659 1412 833 1504 ascendit,
870 1430 1018 1507 peccata
1037 1421 1182 1512 vitans,

130 1514 262 1606 quibus
282 1514 439 1609 plerique
460 1513 621 1587 homines
646 1514 797 1587 obnoxii
816 1470 905 1590 sunt
958 1514 1100 1589 Dicitur
1120 1540 1178 1590 au·
1224 1585 1230 1596 ,
1279 1603 1281 1610 Ι

129 1626 205 1687 tem
232 1612 420 1686 ascendere
452 1614 613 1702 adesatta.
667 1613 777 1713 Quod
794 1634 885 1687 vero
906 1612 1016 1702 justus
1053 1614 1179 1689 Christi

127 1713 251 1786 bonus
270 1712 364 1784 odor
383 1711 424 1785 stt
443 1715 539 1787 omni
557 1715 643 1785 loco
657 1714 721 1803 iis,
749 1714 807 1803 qui
825 1710 909 1785 salvi
928 1710 1037 1804 fiunt,
1064 1712 1179 1788 suffitu
1208 1765 1210 1770 -

130 1811 249 1884 afflata
270 1812 488 1907 intelligitur.
538 1810 671 1885 Eadem
693 1813 785 1884 enim
804 1811 1046 1905 pancratione
1063 1811 1097 1886 se
1118 1812 1179 1886 ha·

131 1911 237 2003 bent,
262 1907 491 1984 acsrsuavem
513 1909 597 1983 sumi
613 1910 1013 2004 vaporememitterenc,
1039 1933 1178 2008 eorum,

130 2011 193 2103 qui
203 2011 299 2085 beati
313 2010 567 2104 predicantur,
593 2008 760 2083 ollacium
778 2021 1009 2086 recreantem.

417 2239 421 2244 .
545 2166 665 2244 CAP.
697 2167 773 2244 IV.

207 2314 324 2381 omas
340 2309 604 2404 ganauasetanns
616 2308 730 2401 fotus.
783 2306 843 2382 Ob
864 2307 1038 2401 duplicem
1053 2310 1178 2386 videli-
1273 2313 1282 2328 “

131 2423 192 2483 cet
204 2410 494 2504 intelligentiam,
519 2409 727 2500 litteralem,
754 2405 1003 2502 &spiritalem

209 2512 300 2580 Sicut
308 2508 477 2601 funiculus
494 2514 645 2578 coccineus
660 2509 745 2578 sabia
757 2522 822 2578 tua.
875 2509 980 2607 Quasi
1001 2509 1110 2581 dicat:
1136 2509 1178 2583 stt

127 2607 303 2683 sermonis
323 2606 491 2681 structura
509 2608 579 2704 igni
598 2608 762 2686 accensa,
794 2620 835 2678 ut
858 2607 1053 2682 auditorem
1074 2610 1177 2700 polilt

119 2710 273 2783 lucrari.
331 2708 404 2779 Vel
431 2708 535 2780 etiam
559 2706 633 2779 vim
661 2706 880 2801 sanguineam
901 2721 1006 2797 atque
1030 2709 1177 2780 vitalem

128 2802 303 2902 significat
318 2807 513 2879 verborum
530 2828 575 2879 ex
592 2805 691 2878 labiis
709 2805 1001 2897 procedentium,
1029 2825 1103 2897 quae
1115 2827 1177 2879 ve·

129 2907 198 2979 luti
217 2904 325 2978 tindia
340 2903 442 2978 sunt
432 2926 467 2977 ιιι
483 2926 574 2977 vero
592 2904 764 3001 sanguinis
779 2904 904 2976 Christi
922 2919 1023 2996 potu
1173 2921 1175 2926 ’

90 3074 93 3078 ,
208 3005 318 3076 Extra
334 3011 592 3077 taciturnitatem
608 3021 706 3079 tuam.
759 3004 817 3075 Ad
836 3003 1000 3076 castitatis
1015 3002 1176 3104 laudem,

130 3104 230 3177 addit
253 3125 347 3196 eam,
386 3124 461 3194 quae
484 3126 529 3176 err
550 3104 689 3176 silentio
713 3105 847 3193 oritur,
886 3102 989 3192 quod
1008 3091 1178 3174 videlicet

129 3200 258 3297 sponsa
280 3215 418 3294 tempus
436 3202 551 3274 festivi
569 3202 757 3293 sermonis,
793 3222 834 3273 ac
852 3200 1031 3272 laudabilis
1051 3200 1177 3281 silentii

129 3303 290 3377 noverit.
339 3298 388 3373 Et
407 3303 572 3392 quoniam
579 3303 686 3392 fidelis
694 3300 781 3396 flatu
798 3299 951 3390 abscondit
968 3324 1038 3388 ras,
1071 3302 1177 3372 etiam

130 3398 257 3494 sponsa
277 3401 314 3472 in
330 3401 512 3492 profundo
529 3397 716 3472 abscondit
736 3400 1071 3494 contemplationes,
1099 3418 1176 3489 quae

129 3501 200 3575 sint
222 3500 335 3572 veluti
355 3520 462 3595 grana
477 3500 556 3573 maii
576 3500 712 3591 punici:
745 3500 1022 3590 unumquodque
1033 3498 1097 3571 suo
1119 3519 1177 3568 or·

131 3602 215 3671 dine
239 3599 275 3670 in
300 3619 408 3672 unum
430 3618 559 3692 corpus
582 3597 759 3671 tedacium
778 3599 960 3672 inmentis
982 3619 1070 3669 atce.
1121 3596 1177 3669 ld·

133 3700 233 3772 citco
248 3696 443 3789 subjunxit:
470 3716 559 3768 antra
576 3702 832 3767 taciturnitatem
851 3692 1174 3791 tuam,s1gnificans

131 3821 174 3873 ea
186 3799 366 3894 dogmata,
392 3817 468 3888 quae
478 3797 616 3872 silentio
625 3810 848 3891 premuntur,
872 3794 1177 3927 velutgranamali

131 3898 253 3993 punici
276 3896 456 3989 adoperta.
1224 3919 1242 3958 a

203 3996 284 4088 Qua
294 3995 443 4085 edificata
458 3997 539 4094 estin
553 3990 740 4092 Tstaspt’otsr.
790 3990 919 4084 Aquila
933 4012 1063 4067 vocem
1078 3985 1178 4063 Thal-

125 4097 237 4196 pius,
263 4098 513 4191 propugnacula
504 4108 755 4188 interpretatus
773 4092 841 4180 est,
867 4093 1095 4185 Symmachus
1117 4112 1178 4161 ve·

128 4218 174 4268 ro
195 4197 394 4271 altitudines.
443 4197 537 4269 Hinc
557 4193 783 4285 consequitur
801 4194 945 4284 turrim,
977 4191 1077 4283 super
1095 4210 1179 4303 pro·

129 4296 331 4394 pugnacula
347 4291 578 4390 edificatam,
604 4291 671 4469 ege
692 4291 915 4391 sapientiam,
940 4312 987 4366 ex
1006 4311 1074 4386 qua
1089 4288 1182 4381 pari·

678 4414 701 4489 3
1084 4403 1148 4467 cer
