2734 4859
764 663 857 800 'H
904 719 977 800 o
1027 719 1120 796 M
1168 719 1315 796 τι
1364 716 1403 794 1
1443 663 1520 794 Α
1611 713 1928 798 xvm.
2261 683 2482 820 6312]

277 885 547 962 liorem
596 879 847 958 statum
892 885 1137 960 reduci
1189 879 1450 978 potest.
1627 883 2044 958 uam‘obrcm
2109 903 2274 960 cum
2323 885 2402 962 in

278 981 425 1062 hac
460 984 609 1056 vita
641 984 919 1079 sumus,
976 986 1157 1078 quafi
1201 985 1275 1056 in
1316 1003 1528 1055 manu
1613 983 1759 1080 guli
1782 979 2013 1057 sumus
2044 1038 2069 1077 ‚
2123 983 2191 1056 &
2219 984 2401 1070 licet

285 1086 634 1156 ceciderit
672 1105 797 1157 vas
843 1107 886 1158 e
924 1087 1245 1160 manibus
1274 1084 1435 1176 ejus
1461 1078 1523 1176 ‚⁰
1554 1085 1864 1174 reparari
1906 1083 1973 1156 δι
2021 1083 2401 1160 reformari

170 1177 173 1182 ’
222 1198 227 1202 ·
276 1185 544 1282 potest.
647 1184 822 1258 Haec
848 1186 1129 1277 quidem
1165 1183 1546 1256 secundum
1569 1184 1870 1274 obvium
1907 1181 2226 1279 sensum,
2278 1205 2399 1258 an·

284 1299 571 1374 tequam
606 1283 723 1378 id„
783 1287 976 1376 quod
1018 1287 1363 1378 reliquum
1407 1281 1552 1375 est,
1602 1280 2002 1356 differendo
2043 1284 2398 1376 expenda-

280 1404 483 1475 mus,
550 1384 640 1457 de
684 1383 963 1477 duplici.
990 1383 1323 1458 vasorum
1375 1402 1696 1479 genere,
1761 1384 1965 1456 luteo
2017 1405 2277 1479 nempe
2325 1387 2394 1472 dt

278 1484 605 1558 nondum
648 1484 721 1555 in
758 1481 951 1556 testae
986 1483 1279 1562 modum
1317 1482 1652 1558 indurato
1677 1534 1708 1578 ,
1759 1481 1828 1556 δι
1853 1486 2085 1558 altero
2112 1485 2255 1577 jam
2291 1499 2396 1562 te·

274 1582 521 1659 ssaceo
561 1581 742 1656 dicta
782 1585 935 1660 slnt.
1457 1604 1463 1616 ’·
1529 1607 1534 1612 ·
2181 1620 2196 1634 ·
2448 1621 2455 1628 ·

174 1752 178 1758 .
434 1703 498 1756 2.
557 1683 941 1757 Videamus
976 1699 1211 1766 autem
1247 1703 1335 1774 ex
1378 1680 1531 1776 ipso
1561 1693 1820 1777 textu,
1872 1702 2033 1777 quae.
2057 1681 2146 1757 de
2185 1684 2392 1764 luteo

276 1779 448 1853 vase
472 1782 555 1878 'in
582 1804 796 1857 manu
820 1773 1013 1883 figuli
1044 1781 1443 1858 constituto
1473 1781 1810 1856 dicuntur
1830 1835 1859 1877 ,
1911 1782 1979 1856 δι
2016 1784 2394 1878 quomodo

278 1881 555 1976 ipsum,
637 1884 833 1976 quod
877 1899 1029 1958 erat
1068 1887 1140 1956 in
1177 1881 1541 1976 Propheta
1586 1883 1896 1962 verbum
1927 1937 1952 1976 ‚
2027 1881 2391 1960 Dominus

273 2001 535 2075 nempe
565 1983 639 2054 in
682 1983 834 2076 ipso
886 1983 1379 2078 prophetans,
1436 1983 1600 2056 alias
1643 2003 1933 2075 quoque
1970 1981 2120 2057 no’n
2164 1965 2397 2070 modi-

273 2101 393 2152 cas
462 2084 776 2174 praebeat
855 2083 1273 2158 occasiones
1350 2083 1865 2175 interpretandi
1929 2079 2392 2180 figmentum,

270 2180 471 2272 quod
524 2199 678 2254 erat
722 2183 795 2255 in
855 2205 1071 2259 manu
1112 2180 1334 2279 figuli.
1453 2186 1774 2272 Verbum,
1825 2185 1980 2282 quod
2010 2179 2272 2278 fastum
2305 2186 2390 2282 est
2519 2258 2532 2283 ⁸

270 2306 312 2354 a
345 2284 624 2353 Donum
655 2289 733 2354 ad
780 2286 1131 2404 Jerema'am
1154 2331 1179 2362 ‚
1226 2285 1438 2354 dicem·
1465 2302 1485 2357 2
1540 2287 1741 2378 Surge
1766 2281 1844 2361 Θ
1872 2284 2152 2373 descende
2182 2291 2260 2355 in
2288 2286 2390 2358 do-

267 2406 438 2472 mum
452 2379 666 2474 figuli.
765 2381 1047 2458 sursum
1080 2382 1179 2456 est
1198 2381 1538 2477 Jcremias
1556 2437 1583 2476 ‚
1604 2385 1811 2457 'lutea
1839 2382 2005 2456 vasa
2032 2382 2394 2460 transcen·

260 2480 410 2552 dit:
463 2481 790 2556 deorsum
833 2481 993 2557 sunt
1021 2481 1187 2557 vasa
1230 2486 1468 2577 lutea,
1521 2481 1589 2556 δι
1628 2497 1932 2567 natura,
1985 2505 2140 2577 quae
2173 2483 2394 2561 admi·

265 2580 516 2654 nistrat
559 2581 966 2656 lutea.vasa
994 2638 1019 2677 ‚
1070 2583 1321 2660 iisdem
1365 2582 1434 2656 se
1478 2582 1548 2658 se
1591 2596 2069 2677 attemperant,
2100 2639 2127 2678 ‚
2180 2585 2390 2660 deor-

264 2678 414 2755 sum
458 2679 611 2769 est3
688 2682 859 2755 ideo
894 2685 1244 2778 verbum,
1299 2684 1498 2776 quod
1529 2682 1791 2759 factum
1828 2682 1930 2758 est
1969 2706 2009 2757 a
2057 2683 2390 2761 Domino

274 2778 367 2851 ad
402 2781 780 2875 jeremiam
806 2837 831 2876 ‚
904 2783 1004 2857 ait
1035 2807 1055 2858 z
1125 2789 1326 2879 Surge
1361 2792 1436 2859 U
1461 2787 1750 2860 delcende
1786 2790 1859 2854 in
1893 2783 2135 2857 domum
2149 2790 2388 2880 figuli3

257 2879 343 2956 U
386 2885 476 2950 ibi
523 2885 739 2954 audies
791 2883 983 2955 verba
1033 2909 1187 2960 mea.
1300 2883 1548 2977 Moyfi
1593 2882 1855 2957 dicitur
1893 2907 1916 2959 ε
1989 2885 2265 2974 ΑΙῖ-εηάε
2312 2890 2387 2956 in

260 2997 570 3073 montem,
624 2981 701 3057 δ’
731 2987 901 3056 audi.
1010 2985 1333 3082 Jcremiae
1356 2985 1655 3057 dicitur:
1709 2984 2016 3073 Deflende
2035 2991 2110 3061 in
2143 2987 2390 3057 domum

245 3085 440 3175 figuli
466 3137 490 3175 ‚
545 3084 621 3157 (5
662 3087 831 3155 audi.
930 3081 1206 3158 Eorum
1243 3085 1427 3159 enim
1467 3086 1952 3182 unusquisque
1979 3137 2006 3180 ,
2060 3086 2182 3179 qui
2224 3075 2390 3160 ve?-

263 3183 429 3280 bnm
466 3184 812 3268 audiunt,
864 3187 983 3258 vel
1019 3207 1144 3278 ea,
1201 3205 1356 3276 quae
1404 3184 1654 3279 supra,
1709 3187 1827 3257 vel
1865 3207 1948 3257 ea
1978 3231 2005 3276 -‚
2059 3205 2215 3277 quae
2268 3186 2388 3259 de-

242 3281 497 3364 ⁸orsum
550 3283 750 3376 sunt,
819 3284 1173 3362 edocetur
1212 3285 1279 3356 δι
1326 3282 1550 3358 discit.
1656 3279 1838 3381 Cum
1887 3283 2182 3379 doceo,
2249 3285 2387 3359 ser-
2521 3315 2526 3320 ·

258 3405 481 3460 mone
512 3382 908 3476 descendo,
959 3401 1039 3456 ut
1065 3383 1405 3458 inferiora
1436 3383 1764 3478 videam:
1819 3383 1864 3457 fi
1905 3395 2154 3462 autem
2182 3383 2394 3479 supe·,

251 3484 447 3558 riora
481 3482 716 3576 disce,
770 3484 1075 3558 afcendo
1112 3484 1439 3558 sermone
1471 3482 1556 3556 ad
1592 3485 1997 3576 superiora,
2052 3500 2173 3578 ut,
2228 3505 2386 3577 quae

250 3582 405 3657 istic
447 3579 603 3656 sunt
632 3636 659 3679 ,
715 3585 997 3658 videam
1119 3585 1229 3658 Ut
1270 3597 1508 3660 autem
1545 3605 1798 3658 omnes
1845 3605 1983 3680 pro
2029 3583 2156 3657 suo
2195 3587 2387 3679 quis-

256 3704 394 3774 que
431 3697 647 3779 captu
686 3683 1135 3777 assequantur
1174 3685 1250 3758 id
1275 3734 1301 3765 ,
1369 3684 1564 3775 quod
1601 3685 1860 3757 dicitur
1888 3737 1915 3776 ‚
2001 3700 2160 3760 utar
2201 3705 2382 3777 quo·

255 3804 395 3872 que
433 3785 768 3875 exemplo
794 3807 837 3857 e
880 3782 1220 3879 scriptura
1251 3784 1532 3878 petito,
1587 3781 1652 3855 &
1687 3798 1944 3876 praeter
1976 3790 2384 3881 exemplum
2489 3803 2497 3811 ‘

255 3881 430 3958 illud
451 3935 474 3970 ‚
529 3886 1086 3974 explicationem
1120 3884 1591 3966 convenienti
1617 3886 2191 3977 interpretationi
2226 3886 2384 3958 ido-

248 4001 455 4056 neam
503 4002 929 4078 proponam.
1041 3989 1122 4059 In
1163 3989 1415 4056 nomine
1465 3982 1622 4080 Jefiae
1667 4009 1844 4055 omne
1887 4010 2055 4080 genu
2080 3984 2381 4082 βαθεῖαν

250 4082 564 4177 ιαἸςβὶιυη
596 4134 622 4174 ‚
692 4087 1116 4182 terrestrium,
1167 4082 1247 4162 ὁ
1290 4083 1731 4176 infernorum,
1799 4086 1876 4160 U
1918 4094 2120 4154 omnis
2165 4092 2382 4181 lingua

248 4183 654 4272 confitebitur
690 4237 711 4272 ,
783 4195 937 4283 quia
988 4190 1309 4266 Dominus
1361 4186 1556 4280 Jesus
1608 4188 1894 4280 Clmstus
1939 4194 2012 4256 in
2053 4189 2250 4277 gloria
2308 4183 2388 4284 e'fi

242 4287 375 4357 Det
436 4275 664 4351 Par'ris.
735 4292 956 4361 Amen.
1060 4283 1175 4359 De
1223 4284 1417 4372 hisce
1453 4284 2104 4382 fingu2is.quaedam
2149 4283 2248 4356 est
2287 4283 2386 4358 sa-

239 4383 509 4478 pientia
535 4436 558 4478 ,
610 4380 948 4480 sapientia
977 4385 1065 4461 de
1102 4382 1551 4479 coelestibus3
1621 4393 1777 4482 qua'
1805 4386 2092 4460 ratione
2113 4405 2227 4454 res
2257 4388 2400 4453 ῥω-
2519 4381 2524 4386 ’

902 4509 913 4518 ·
1235 4485 1382 4561 Rt
1441 4508 1494 4581 4
1551 4535 1558 4542 -
2092 4477 2349 4553 xezzes
