2734 4859
85 178 1264 466 -ι-

207 589 276 668 nx
298 588 528 668 omniun
551 590 607 668 nr
632 587 836 682 cnunc.
862 587 1063 670 cnunc.
1123 521 1192 695 25}
1258 617 1285 652 ··

137 750 1199 822 «mm.

132 883 348 972 surius
374 881 907 971 ruocurrfrruuuuru
931 851 1186 976 trenur-

188 1029 191 1036 ·
218 993 394 1072 TORUM
423 1001 829 1172 Excffirlffiuluae.
848 999 1115 1076 CANTiCUM

133 1241 344 1416 Fraternas
367 1263 449 1309 meus
471 1241 571 1322 milri,
607 1238 644 1313 (1
663 1262 711 1331 ego
729 1244 768 1311 ei.
822 1238 955 1332 Sponsa
970 1242 1129 1331 loquitur
1142 1241 1192 1316 td

217 1334 356 1412 sodales
383 1336 518 1431 sponsi,
556 1339 685 1430 quippe
708 1359 785 1428 quae
807 1340 939 1412 nulium
962 1341 1091 1413 habeat
1109 1361 1191 1415 cum

133 1437 305 1544 vulpfflus
336 1437 600 1515 commercium.
665 1434 926 1512 Commercinm
955 1440 1046 1511 enim
1070 1441 1193 1512 nobis·

133 1557 218 1612 tum
238 1537 354 1610 earnis
377 1535 599 1634 &spngninis
616 1535 716 1630 iniit,
743 1535 864 1609 &nos
889 1558 969 1610 cum
988 1538 1051 1610 ilio
1073 1539 1196 1613 incer·
1238 1626 1241 1633 1

132 1635 326 1731 ruptionis.
442 1635 445 1640 ’

158 1803 165 1818 ,
214 1739 402 1824 navarent,
420 1732 539 1832 ſsmr'lis
554 1732 688 1824 efficere,
709 1734 933 1832 fraternum,
957 1754 1080 1831 caprea.
1130 1733 1194 1808 Su·

133 1835 281 1928 periore
295 1831 521 1927 dixitsponsa
534 1831 579 1906 'ad
598 1833 902 1927 adolescentulas,
929 1833 1112 1928 presentia
1131 1855 1194 1908 ve·

134 1953 180 2006 ro
197 1933 243 2006 td
265 1930 444 2027 sponsam:
472 1934 541 2024 ita,
569 1947 610 2003 ut
633 1931 793 2024 presenti
816 1935 970 2026 tempori
993 1954 1194 2030 congruen-

134 2045 209 2105 tem
233 2028 378 2106 affumat
388 2032 667 2118 similitudinem,
702 2052 781 2105 cum
800 2053 926 2124 caprea
946 2033 1108 2126 quidem,
1142 2033 1193 2106 ob

136 2129 232 2204 visus
250 2149 419 2218 acumem
447 2152 526 2203 cum
542 2131 694 2203 hinnulo
711 2144 833 2202 ¹autem
852 2150 1067 2222 cervorum,
1094 2123 1194 2222 quod

136 2227 318 2324 serpentes
335 2225 537 2303 interficiat.
588 2226 710 2319 Atque
728 2230 763 2300 id
779 2229 918 2323 prestat
934 2227 1039 2322 super·
1049 2245 1194 2303 montes

136 2328 354 2421 cavitatem,
386 2327 525 2400 dicens:
557 2325 756 2400 Revertere
780 2328 1038 2421 aDeiforme,
1071 2330 1107 2401 in
1125 2349 1195 2421 qua
1250 2353 1255 2360 ·

137 2449 197 2517 ee,
231 2442 338 2518 etque
361 2426 435 2499 hec
457 2425 604 2517 atiume,
642 2441 792 2522 propter
813 2441 909 2500 tuam
936 2447 1019 2522 erga
1036 2449 1094 2501 me
1111 2429 1196 2500 diie-

138 2525 294 2601 trionem
314 2525 357 2596 ad
370 2526 532 2599 homines
552 2525 716 2615 veniens,
743 2546 895 2616 quorum
914 2528 1033 2620 plures
1054 2526 1197 2620 praesna

135 2626 317 2722 pravitate
330 2624 365 2696 in
379 2625 593 2696 cavitrtibus
605 2638 800 2698 morantur.
851 2625 967 2697 Porro
981 2641 1124 2698 montes
1138 2646 1197 2699 ca·

138 2725 294 2798 vitatum
315 2721 428 2815 justos
446 2736 579 2812 vocat,
613 2724 712 2796 maiis
731 2720 940 2815 superiores.
989 2723 1195 2796 Revertens

137 2826 261 2914 itaque
285 2824 435 2896 verbnm
458 2822 564 2897 srmile
585 2821 765 2915 redditur,
804 2824 839 2895 iu
860 2823 912 2893 his
932 2823 1098 2915 quidem,
1135 2821 1196 2912 qui

139 2922 440 3013 contemplationi
462 2923 688 3014 incumbunt,
716 2941 871 3009 capreae3
898 2922 986 2993 iniis
1001 2940 1107 3014 vero,
1135 2921 1197 3010 qui

137 3021 250 3117 magis
268 3018 410 3093 student
429 3018 578 3108 astioni,
606 3019 815 3091 &interitui
838 3019 1112 3093 adversariarum
1130 3037 1197 3111 po-

138 3120 330 3212 testatum,
355 3119 504 3197 hinnulo
524 3138 728 3190 ceruorum.
780 3118 1026 3197 illudentem,
1052 3119 1104 3187 vel
1120 3121 1198 3185 hin-

136 3221 238 3311 nuto,
272 3217 521 3308 disjuntiivum
543 3214 603 3289 est.
657 3216 871 3289 Tireudotio
888 3231 1004 3290 autem
1022 3218 1197 3308 interpre·

139 3333 236 3391 tatus
252 3315 318 3409 est,
345 3321 445 3414 Super
460 3318 789 3401 morrtesincensorum.
843 3315 1118 3390 Perindeautem
1131 3314 1197 3389 eti·

141 3440 198 3492 arn
213 3417 370 3491 dicatur:
397 3420 585 3499 Reverrere,
610 3436 738 3509 nempe
754 3439 772 3487 a
786 3416 926 3511 Judoeis.

558 3571 676 3647 CAP.
709 3572 787 3649 111.

220 3719 263 3790 In
285 3714 378 3785 cubili
399 3737 462 3783 meo
486 3717 522 3780 in
545 3711 697 3784 nofiibus.
762 3711 820 3786 De
838 3711 1010 3805 mysteriis
1031 3713 1174 3786 locutus

141 3840 223 3910 quae
240 3817 380 3907 nuptias
403 3812 642 3903 antecedunt,
667 3833 764 3884 nunc
783 3811 892 3904 ipsum
912 3833 975 3906 per
993 3810 1134 3886 notiem
1152 3757 1198 3884 ari

142 3917 264 3991 cubile
280 3915 431 4002 invitat,
464 3913 543 4001 quia
565 3915 646 3983 uuit
665 3911 887 3985 arcariorum
900 3910 977 3986 fieri
996 3914 1197 4005 particeps,

141 4018 180 4090 &
203 4011 408 4110 perfeetiori
428 4010 550 4100 requie
566 4011 646 4084 frui.
699 4010 782 4083 Hoc
799 4012 890 4082 enim
908 4009 1053 4084 letiuius
1073 4005 1199 4103 signifi-

144 4129 216 4188 cat.
266 4111 490 4184 illudentem
513 4116 549 4178 in
566 4109 667 4202 rzoiie,
694 4110 767 4182 hoc
786 4108 849 4198 est,
877 4111 1002 4202 quietis
1019 4126 1197 4198 tempore,

144 4236 188 4290 ec
203 4210 386 4306 proculab
405 4228 529 4282 eorum
547 4205 750 4305 conspeetu,
777 4209 835 4301 qni
850 4208 932 4282 talia
946 4208 1109 4283 contueri
1120 4224 1198 4278 non

198 4312 348 4408 origenis
376 4311 462 4383 Tem.
489 4311 558 4385 ΙΧ.
814 4306 851 4385 R
1073 4299 1159 4403 ptri·
