2734 4859
85 170 1236 438 ι-

257 659 292 672 -·
376 609 885 714 mammam.
1090 623 1165 724 aaz

102 779 182 882 ipse
200 780 408 876 examinet,
439 801 525 855 num
542 781 637 877 spica
652 778 715 870 sit,
736 799 825 854 num
839 787 1048 872 reperturus
1069 777 1112 858 fit
1127 782 1169 862 in

109 883 189 980 ipso
207 881 299 956 filius
321 881 414 973 Dei,
441 881 539 974 quod
554 879 752 978 vindemiet
768 894 830 952 aut
844 893 967 954 metat.
1017 876 1101 958 Nos
1117 884 1169 964 sa.

103 975 158 1059 'ne
182 1009 200 1056 a
224 998 337 1055 vento
358 994 551 1075 corruptos
569 981 741 1074 quasdam
762 976 831 1052 effe
852 979 1080 1072 reperiemus.
1130 981 1171 1066 Si

112 1085 197 1178 quid
212 1084 394 1158 modicum
409 1083 517 1155 nobis
535 1081 615 1174 est,
640 1081 715 1152 duo
731 1100 859 1172 nempe
876 1093 937 1152 aut
954 1080 1021 1153 tria
1040 1102 1169 1180 grana,

114 1199 214 1256 certe
228 1196 376 1277 peecata
389 1177 510 1256 nostra
522 1182 633 1258 multa
643 1178 732 1257 sunt.
783 1179 923 1252 Videns
936 1178 1043 1275 igitur
1056 1185 1174 1284 eccle·

108 1283 198 1379 sias,
224 1305 301 1376 quae
317 1302 414 1354 nunc
430 1280 534 1376 sunt,
560 1295 793 1376 peccatorum
810 1281 962 1374 plenas,
988 1280 1074 1364 ait:¹
1092 1287 1171 1360 Heu

113 1410 178 1471 me,
204 1389 278 1481 quia
286 1379 399 1476 satius
409 1377 599 1476 Jum,'ficut
612 1387 667 1481 qui
680 1397 842 1476 congregat
849 1379 999 1478 stipulam
1017 1386 1054 1450 in
1073 1381 1172 1480 maffi,

111 1483 153 1561 σ
172 1507 322 1555 racemum
341 1487 376 1553 ia
393 1484 588 1557 nimmia.¹
615 1481 758 1574 Venit,
786 1477 1111 1574 querens'irudium
1134 1486 1173 1562 in

114 1585 236 1658 vinea.
285 1577 541 1677 Unusquisque
563 1584 657 1660 enim
682 1581 843 1656 nostrum
866 1578 1036 1654 adinstar
1056 1583 1175 1664 vineae

116 1684 299 1780 plantatur
315 1690 353 1755 in
373 1687 436 1756 iaco
445 1690 569 1781 pmgui.
606 1681 695 1780 ¹lit,
721 1687 852 1772 vineam
862 1682 905 1751 de
918 1681 1061 1778 Egypto
1079 1701 1177 1757 traet-

111 1783 219 1883 siniit.
270 1785 336 1877 Ego
348 1800 454 1856 autem
469 1781 623 1882 'plantam'
636 1799 669 1856 te
688 1778 1039 1876 uineamsruiieftram
1056 1808 1176 1858 amnem

114 1907 238 1955 veram.
286 1885 422 1977 Venit,
449 1885 593 1975 quaerit,
618 1881 808 1976 quomodo
819 1881 1036 1976 vindemiet,
1055 1905 1178 1978 quem·

115 1987 210 2082 piam
225 1975 404 2056 racemum
423 1985 583 2076 invenit,
609 1983 643 2056 ἃ
660 2004 750 2056 uvas
772 1982 908 2080 epiles,
933 2001 1011 2056 non
1025 1986 1177 2080 ,ubetem

118 2105 189 2156 nec
203 2084 342 2155 multas.
392 2083 483 2181 Quis
497 2082 656 2156 nostrum
666 2081 879 2157 habet-uvas
895 2081 1067 2160 virtutis?
1124 2088 1179 2162 uit

116 2181 413 2268 nostrumhabet
441 2183 616 2280 genimina
641 2180 746 2256 Deii
781 2187 920 2255 Domina
943 2187 1033 2258 Deus
1054 2087 1178 2286 nasser,

119 2307 214 2383 quam
237 2284 418 2354 admirabile
434 2284 475 2379 eli
494 2307 604 2354 naman
621 2298 713 2355 tuam
733 2287 770 2352 in
794 2283 946 2374 univerfia
962 2282 1071 2360 terra!
1165 2329 1173 2348 «

115 2453 118 2458 .
195 2405 231 2471 4.
256 2379 305 2453 Et
318 2383 393 2456 haec
403 2383 544 2477 quidem
555 2385 676 2457 obiter
686 2380 777 2470 dieta
786 2382 853 2459 sint
866 2383 902 2457 in
918 2383 1026 2462 illude
1043 2391 1116 2462 Heu
1132 2411 1180 2466 me

120 2499 241 2568 mater,
269 2483 367 2572 quod
390 2484 535 2558 minime
553 2484 808 2572 alienum-sita
831 2483 1029 2560 salvatoris
1050 2489 1179 2566 divini·

122 2599 198 2655 tate
229 2579 379 2676 pec'cata
410 2583 595 2658 hominum
630 2583 893 2678 conspicientis.
936 2583 1054 2663 Nunc
1086 2613 1180 2666 vero

122 2681 222 2774 quod
244 2681 412 2754 Salvator
435 2684 556 2775 dicat,
581 2685 725 2766 lacunae,
752 2706 829 2758 non
848 2701 889 2757 ut
906 2681 1035 2781 Deus,
1062 2689 1120 2766 sed
1140 2707 1183 2764 ut

125 2784 259 2872 homo,
285 2803 360 2855 non
383 2803 452 2872 qua
475 2781 668 2876 sapientia,
694 2782 753 2858 sed
775 2805 844 2876 qua
859 2784 973 2860 anima
989 2786 1067 2883 est,
1092 2790 1182 2868 iilud

125 2879 273 2975 apposui
288 2883 559 2975 propheticum:
592 2889 646 2958 Va
663 2885 888 2969 milzianima,
913 2891 989 2983 quia
1000 2895 1181 2986 periitpiaa

123 2985 160 3054 de
176 2998 284 3075 terra,
309 2985 346 3058 (u
361 2989 419 3079 qui
430 2987 567 3076 corrigat
578 2989 617 3054 in
635 2985 814 3056 haminibus
831 3008 897 3056 mm
914 2985 964 3083 eft.
1013 2989 1129 3065 Venit
1144 2993 1184 3068 in

125 3082 238 3156 vitam
257 3084 444 3158 humanam
461 3087 567 3155 beata
580 3083 656 3158 hac
672 3085 808 3177 anima,
836 3104 968 3179 corpus
980 3107 1049 3180 pro
1068 3091 1184 3166 homi·

124 3183 229 3256 nibus
248 3180 445 3275 affumpsit,
469 3182 494 3256 si
519 3201 669 3279 peccata
695 3185 850 3278 viderit,
890 3184 939 3258 ait
959 3189 1003 3262 ad
1020 3187 1185 3270 Patremt

126 3285 207 3375 Qua
223 3287 350 3353 utilitas
369 3293 405 3352 in
423 3284 577 3376 [sanguine
592 3310 675 3374 mea,
701 3288 776 3356 dum
793 3287 934 3373 descendo
954 3291 991 3358 im
1010 3296 1185 3387 corruptio·

125 3387 225 3456 nem?
259 3385 428 3474 Numquid
450 3383 649 3476 confitebitur
664 3386 726 3456 tibi
738 3383 883 3482 puluis?
921 3382 990 3460 Sed
1013 3390 1057 3465 de
1076 3393 1184 3466 nobit

125 3504 202 3556 non
221 3485 315 3557 dicat
330 3482 436 3555 iliud:
466 3487 539 3554 Heu
555 3480 622 3556 me!
646 3485 691 3558 de
708 3487 815 3559 nobis
834 3506 913 3562 non
930 3485 1051 3570 dicant
1069 3489 1187 3588 angeli

125 3587 310 3678 emiorum.
359 3581 550 3655 Salvatore
563 3583 689 3658 nostro
700 3585 861 3660 dicente:
889 3589 1037 3676 Hieme,
1063 3591 1187 3667 dicent

128 3681 163 3752 da
179 3684 259 3774 ipsi:
289 3687 364 3754 Heu
378 3707 435 3755 me.
484 3681 575 3755 Non
600 3685 693 3758 enim
710 3683 900 3760 Salvatore
918 3685 1044 3763 nostro
1059 3692 1189 3766 melio-

127 3780 288 3859 ressunt.
339 3779 897 3878 Videntuipfilapsuanostroa.
947 3786 1187 3884 Atbeatiillk

128 3879 326 3972 dequibus
352 3882 467 3979 angeli
495 3903 572 3956 non
599 3884 723 3958 dicent
741 3881 831 3958 heu!
862 3883 922 3961 sed
946 3909 1037 3979 quos
1057 3892 1187 3972 beatae

127 3983 382 4077 praedicabunt.
445 3979 540 4054 Nem
554 3985 702 4076 gaudium
718 3994 783 4059 erit
803 3991 840 4058 in
856 3987 926 4057 coela
938 3986 1030 4084 [uper
1046 4016 1109 4064 uno
1120 4013 1189 4088 pm·

128 4097 231 4153 catara
250 4087 474 4179 panitentiam
494 4100 633 4175 agente,
665 4091 761 4179 magis
784 4110 877 4184 quam
888 4086 985 4186 saper
1011 4097 1189 4183 nonaginta

115 4207 243 4255 atonem
259 4183 372 4282 justis:
407 4185 462 4280 qui
482 4207 549 4254 nan
566 4184 713 4280 indigent
730 4193 988 4283 pettitmimtt'a.
1039 4188 1127 4266 Haec
1144 4191 1190 4268 ad

129 4285 431 4362 coniolationem.
495 4288 569 4358 Hm
590 4309 640 4360 me
662 4301 795 4362 matera
834 4311 933 4392 quate
962 4311 1011 4363 me
1032 4285 1195 4488 guidi<

1073 4404 1172 4460 uum
