2734 4859
757 679 924 772 ΙΝ
1020 663 1938 794 manui-AM?
2273 715 2417 792 775

169 887 219 955 ,·,
270 854 497 955 feam
527 856 673 950 fiam
711 856 888 930 vobis
926 862 1271 930 veritatem
1298 860 1547 947 dicens,
1599 855 1672 932 δε
1709 857 2009 934 iterum:
2064 858 2149 930 In
2190 857 2418 930 labori-

169 951 217 1060 k',
280 962 392 1032 bus
418 959 495 1037 U
523 959 894 1048 sudoribus,
951 965 1026 1028 in
1066 949 1364 1054 vigiliis,
1422 966 1497 1028 in
1527 957 1710 1051 fame
1748 960 1827 1037 U
1850 959 2030 1056 firi„
2050 973 2412 1054 praterea,

186 1117 209 1158 4
281 1085 420 1159 φα
436 1060 613 1153 foris
625 1059 810 1150 sunt.
911 1057 1093 1136 Lex'
1118 1060 1402 1151 quidem
1435 1059 1653 1134 dixit:
1707 1063 1966 1156 Azyma
1983 1085 2120 1130 cum
2149 1058 2415 1136 Infimis

195 1221 212 1252 ,.
280 1160 607 1259 agrfflibus
636 1160 1133 1244 manducabitis,
1184 1160 1254 1233 δι
1289 1179 1444 1234 non
1489 1159 1719 1233 dixit:
1765 1153 1948 1235 'ficut
1992 1160 2059 1233 &
2101 1161 2177 1233 in
2208 1159 2412 1254 aliis,

170 1321 207 1361 η
280 1261 744 1333 manducabitis
786 1260 864 1339 θ
917 1259 1326 1356 replebimini.
1430 1257 1796 1358 Propheta
1835 1275 2072 1334 autem
2106 1281 2258 1334 rem
2287 1257 2414 1333 'ad-

169 1355 187 1456 ζ
278 1376 501 1458 auget
545 1360 789 1436 dicens
816 1411 845 1456 ,
888 1381 1058 1434 non
1112 1359 1652 1435 amaritudinem
1694 1360 2173 1456 manducavi,
2241 1358 2412 1456 sed,

278 1463 725 1536 amaritudine
758 1459 1027 1560 repletus
1054 1461 1215 1550 sum.

272 1573 277 1582 '
441 1571 556 1642 18.
625 1566 717 1633 Ut
758 1563 912 1660 quid
939 1567 1056 1662 qni
1085 1559 1468 1657 contristant
1502 1587 1594 1633 me
1606 1605 1630 1645 ‚
1675 1561 2041 1658 praevalent
2072 1561 2410 1651 adversum

170 1655 183 1767 '3
268 1658 468 1758 ἠεῖ]
520 1661 910 1736 Petebatur
954 1661 1147 1738 enim
1170 1661 1436 1737 insidiis
1481 1681 1736 1736 eorum
1765 1712 1791 1753 ,
1849 1662 2105 1752 quibus
2141 1663 2412 1736 veritas

169 1825 179 1848 ι
270 1760 629 1836 sermonis
663 1777 961 1856 accepta
996 1777 1388 1850 non-erat3
1461 1778 1809 1854 erantque
1840 1762 1916 1835 in
1955 1762 2105 1836 hoc
2147 1758 2409 1835 saeculo

169 1927 179 1952 ,
276 1863 743 1955 potentiores
781 1864 961 1955 ipso,
1062 1861 1253 1937 Nam
1284 1861 1447 1953 justi
1483 1883 1778 1959 regnum
1807 1881 1960 1936 non
1995 1859 2099 1936 est
2131 1883 2224 1937 ex
2259 1863 2412 1936 hoe
2548 1949 2554 1960 Ι

170 2025 177 2044 ,
276 1963 542 2036 saeculo
571 2015 597 2056 ,
646 1963 839 2035 utin
868 1962 1302 2056 martyribus
1342 1962 1596 2037 videre
1629 1961 1751 2036 est.
1850 1960 2087 2060 Judex
2121 1961 2422 2054 quidem*
2523 2001 2528 2006 ·

170 2059 179 2142 ἱ
278 2062 555 2136 deliciis
586 2061 879 2137 affluens
915 2084 1053 2158 pro
1085 2065 1421 2136 tribunali
1452 2062 1776 2152 sedebat3
1829 2061 2248 2138 christianus
2283 2083 2416 2136 ve-

169 2153 179 2246 ]
275 2181 414 2254 το,
467 2164 539 2236 in
579 2183 726 2254 quo
764 2162 1081 2238 Christus
1114 2162 1618 2257 judicabatur,
1671 2161 2138 2237 amaritudine
2179 2162 2414 2255 reple-

169 2257 179 2356 ζ
268 2265 543 2355 batur,
616 2283 779 2336 cum
818 2264 905 2335 ab
945 2264 1169 2356 impio
1218 2263 1697 2338 damnaretur.
1803 2263 2031 2359 Quod
2073 2259 2123 2339 si
2173 2262 2414 2337 valida

170 2355 209 2374 ““
270 2364 523 2462 plaga,
574 2362 826 2459 postea
861 2362 1053 2439 illam
1088 2363 1440 2439 medicina
1477 2362 1944 2456 subsequitur.

836 2521 1437 2606 ,CAPUT
1533 2521 1766 2603 XVI.

368 2664 375 2672 ’
436 2669 551 2744 16.
614 2661 771 2742 ‘Ecce
796 2693 923 2766 -ego
965 2672 1152 2741 mitto
1185 2667 1524 2766 pili-ames
1561 2669 1862 2760 multon]
1935 2663 2177 2739 Mittit
2219 2664 2410 2739 enim

169 2775 178 2825 '·-
272 2767 483 2842 Deus
526 2764 917 2860 piscatores
956 2769 1328 2845 hominum
1360 2822 1386 2862 ,
1440 2770 1644 2843 sicuti
1679 2766 2054 2862 apostolos
2083 2819 2109 2860 ,
2179 2781 2409 2843 artem

169 2845 177 2954 f
274 2865 440 2960 ipiis
480 2865 734 2939 indens
779 2869 1227 2959 piscatoriam
1255 2921 1283 2963 ,
1346 2890 1478 2962 per
1527 2889 1735 2960 quam
1782 2889 1874 2942 ex
1920 2865 2131 2940 sacris
2177 2866 2406 2939 literis

172 2965 179 2989 “·
266 2966 692 3062 piscationis
729 2967 1198 3043 instrumenta
1235 2982 1543 3058 texunt,
1593 2987 1902 3060 quorum
1927 2986 2072 3060 ope
2104 2987 2195 3040 ex
2229 2962 2406 3038 salso

169 3081 177 3170 ζ
272 3069 453 3140 vitae
487 3066 856 3140 attrahunt
895 3069 1113 3157 mari,
1166 3069 1235 3142 δι
1269 3081 1604 3142 mortuos
1638 3066 1910 3141 mundo
1943 3065 2256 3139 reddunt
2279 3085 2409 3136 ve-

169 3181 179 3198 ·
274 3168 411 3243 luti
448 3155 671 3259 pisces
714 3168 948 3242 maris.
1055 3165 1413 3244 vivificat
1459 3183 1698 3242 autem
1737 3169 1876 3241 hos
1913 3163 2114 3239 Deus
2150 3218 2174 3257 ,
2228 3184 2407 3258 prae-

170 3288 173 3294 ’
256 3267 695 3356 ,ῆειοῑίοτεπι
737 3268 871 3341 illis
915 3269 1239 3344 tribuens
1268 3269 1494 3342 vitam
1525 3322 1551 3363 ,
1604 3269 1676 3342 in
1709 3288 1919 3360 quam
1948 3320 1972 3356 ,
2029 3265 2149 3357 qui
2177 3271 2412 3339 trans-v

170 3447 175 3454 ,
273 3367 673 3460 formatur,
726 3389 880 3442 non
914 3368 1213 3463 amplius
1243 3369 1441 3464 degit
1478 3369 1795 3464 analogia
1830 3364 2136 3460 piscibus
2165 3365 2238 3438 in
2279 3362 2405 3438 sal·

169 3463 175 3504 ·'
274 3467 358 3543 so
392 3469 611 3550 mari,
654 3468 863 3561 juxta
901 3468 1124 3544 illud:
1182 3472 1264 3542 In
1298 3471 1566 3540 eamdem
1600 3472 1936 3564 imaginem
1975 3471 2078 3538 uti
2103 3465 2406 3561 aspir-itu

274 3572 642 3643 dominante
659 3573 1130 3642 convertimur:
1183 3568 1300 3645 sed
1332 3569 1501 3642 inde
1523 3568 2016 3660 ascendamUS,
2063 3581 2148 3640 ut
2178 3566 2408 3644 vitam

271 3672 347 3745 in
395 3669 766 3743 montibus
808 3670 1311 3766 transigamus,
1366 3671 1513 3743 hoc
1558 3667 1700 3762 est,
1753 3690 1918 3743 cum
1975 3665 2403 3761 prophetis,

277 3772 346 3842 &
380 3771 452 3842 in
497 3770 805 3843 collibus
831 3824 855 3863 ,
908 3768 1177 3844 scilicet
1206 3769 1453 3864 justis,
1505 3771 1629 3843 ubi
1669 3781 1707 3844 a·
1739 3767 2216 3863 piscatoribus
2244 3786 2402 3840 non

272 3871 570 3962 amplius
614 3871 895 3964 capitur
922 3923 948 3961 ,
1010 3868 1131 3944 sed
1166 3892 1208 3945 a
1247 3871 1725 3946 venatoribus
1782 3869 2048 3968 angelis
2076 3922 2100 3961 ,
2166 3889 2205 3940 a
2246 3866 2403 3958 qui·

272 3972 453 4060 bus»,
505 3970 553 4043 si
580 3986 857 4046 venatu
887 3971 1044 4063 capi
1073 3985 1416 4065 oportet,
1465 3973 1538 4044 in
1578 3969 1948 4045 montibus
1980 3989 2063 4041 ac
2091 3968 2401 4052 mllibus

274 4072 432 4141 vita
472 4069 573 4144 est
617 4071 964 4145 ducenda.
1065 4069 1244 4146 Inde
1277 4073 1467 4145 enim
1500 4085 1864 4144 venantur
1900 4069 2126 4165 angeli
2160 4068 2402 4158 hujus·

271 4171 468 4246 modi
499 4172 759 4246 animas
784 4194 825 4244 e
858 4189 1175 4264 corpore
1204 4185 1598 4264 exeuntes,
1652 4189 1805 4245 non
1835 4169 2029 4243 humi
2050 4169 2404 4260 jacentes.

274 4275 743 4367 Quapropter
790 4269 1307 4348 ascendendum
1340 4271 1445 4347 est
1478 4271 1566 4346 ad
1605 4282 1981 4362 montem,
2033 4269 2156 4342 ubi
2201 4267 2406 4350 Chri-

270 4374 417 4448 stus
483 4368 1111 4469 transfiguraturus
1174 4370 1321 4544 eg,
1383 4372 1510 4446 ubi
1574 4366 1960 4467 discipulos
2023 4367 2405 4443 beatitudi-

1311 4492 1352 4545 c
1378 4492 1421 4546 c
1475 4493 1530 4566 4
2184 4487 2342 4539 mea»
