2734 4859
398 659 409 692 κ
2587 589 2589 596 ,

784 657 1980 788 ΗΟΜῙΕῙΑ-ΧἿΙῙΕἸ
2175 659 2415 788 6{-7
2557 743 2564 750 .

291 843 473 925 alius
518 866 706 922 vero
747 842 1173 942 profundius
1205 895 1230 933 ‚
1308 839 1497 937 quasi
1540 865 1581 917 e
1622 857 1849 940 puteo
1897 840 2230 918 hauriens
2261 896 2287 936 ,
2340 845 2412 932 ὃς
2457 851 2464 864 “

285 952 668 1041 utriusque
707 948 799 1040 id,
827 966 991 1021 emo
1144 959 1321 1036 ento
1356 941 1540 1042 eth·
1577 963 1794 1036 quum
1836 964 1976 1016 una
2016 943 2410 1038 eademque

250 1071 405 1125 res
441 1050 610 1123 huic
649 1048 930 1142 quidem
966 1035 1045 1120 fo
1100 1066 1133 1120 s
1162 1098 1189 1141 ,
1220 1045 1339 1118 'illi
1376 1054 1633 1140 puteus
1670 1041 1774 1118 fit.
1877 1039 2213 1118 Testatur
2255 1046 2408 1120 hoc

287 1150 743 1245 evangelium
772 1202 799 1240 ‚
850 1146 1113 1221 ubi·de
1147 1145 1580 1219 Samaritana
1616 1144 1797 1239 agit:
1847 1143 1942 1214 ibi
1989 1149 2176 1234 enim
2219 1146 2412 1226 idem

293 1249 364 1324 &
389 1248 556 1324 fons
594 1247 662 1321 &
688 1262 947 1343 puteus
981 1260 1478 1341 nuncupatur,
1535 1242 1600 1317 ἃ
1639 1237 1926 1316 vicissim
1951 1247 2180 1318 modo
2210 1243 2415 1344 fona,

170 1411 175 1418 .
289 1350 517 1425 modo
552 1364 810 1445 puteus
854 1347 1135 1422 dicitur5
1236 1343 1664 1418 Confideret
1710 1343 1855 1416 hoc
1886 1395 1911 1436 ‚
1967 1343 2084 1434 qui
2122 1346 2408 1440 potest,
2449 1361 2456 1370 '

170 1483 177 1526 ε
288 1465 376 1526 ut
406 1450 653 1521 videat
681 1467 892 1521 unam
936 1447 1378 1540 eandemque
1413 1460 1666 1519 natura
1696 1462 1845 1518 rem
1882 1441 1986 1536 ei,
2013 1448 2158 1538 ·qu1'
2193 1449 2263 1518 in
2302 1447 2410 1521 su-

169 1585 181 1626 .-
228 1611 237 1622 .
288 1544 590 1643 perfieie
625 1548 889 1642 haeret,
941 1546 1278 1637 fontem3
1329 1546 1431 1640 illi
1462 1555 1740 1634 autem,
1794 1544 1910 1635 qui
1946 1543 2154 1620 altius
2187 1567 2410 1639 pene·-

169 1685 183 1728 ‚·
287 1648 647 1739 traverit,
715 1660 1008 1739 puteum
1053 1645 1213 1721 effe.
1312 1645 1484 1720 Hoc
1516 1643 1685 1720 mihi
1717 1644 2144 1740 prooemium
2178 1645 2279 1719 est
2314 1647 2416 1722 se·

169 1790 183 1831 -,
293 1764 564 1821 cuturae
611 1747 1133 1840 explanationis
1167 1745 1256 1818 -l'n
1287 1766 1416 1820 vas
1444 1747 1766 1839 luteum,
1829 1741 2027 1836 quod
2061 1745 2151 1819 de
2193 1767 2414 1823 manu

182 1903 188 1932 ς
287 1842 491 1943 figuli
528 1844 793 1941 lapsum
838 1846 1082 1921 denuo
1124 1839 1514 1920 formatum
1571 1844 1730 1920 fuit.
1841 1841 2200 1918 Nonnulli
2255 1847 2410 1922 haec

169 1989 193 2035 2-
285 1943 663 2041 simplicius
712 1945 1291 2032 considerarunt,
1357 1946 1428 2020 δι
1472 1945 2011 2019 intellexerunt.
2125 1945 2412 2044 Prope»

169 2095 193 2137 3
284 2066 451 2123 nam
470 2048 684 2120 vobis
703 2061 956 2120 eorum
979 2047 1047 2120 δι
1064 2043 1422 2138 ταῖίοῐιεῐη
1450 2044 1517 2119 &
1539 2042 2096 2140 expositionem:
2131 2046 2411 2144 postea,

187 2149 191 2154 ’
288 2148 339 2223 fi
374 2147 541 2239 quid
568 2143 992 2241 profundius
1018 2146 1514 2240 habuerimus,
1565 2161 2034 2241 exponemus.
2130 2144 2411 2242 Potest,

283 2247 657 2342 inquiunt,
687 2243 1078 2345 'fignificari
1102 2244 1554 2330 resurrectiQ
1647 2241 1720 2318 Si
1755 2246 1944 2319 enim
1967 2265 2095 2320 vas
2128 2246 2417 2326 luteum

288 2349 634 2422 ceciderit
683 2347 772 2419 de
815 2367 1030 2420 manu
1072 2342 1315 2443 figuli,
1385 2345 1599 2421 etiam
1641 2361 1734 2420 ex
1794 2344 2040 2422 eadem
2088 2346 2416 2448 ejusdem
2475 2421 2498 2436 ,

284 2450 419 2523 luti
464 2447 758 2520 materia
787 2441 1010 2540 ipsum
1042 2467 1170 2520 vas
1210 2448 1397 2520 aliud
1433 2446 1658 2540 facit,
1719 2443 1898 2519 ficut
1939 2449 2295 2541 placuerit
2330 2452 2408 2524 in

169 2625 177 2642 ..
289 2543 675 2643 conspectu
727 2547 880 2622 suo,
990 2545 1238 2620 Potest
1286 2545 1489 2620 Deus
1549 2562 1940 2641 corporum
1990 2545 2409 2625 nostrorum

172 2707 176 2714 .
278 2648 589 2745 figuluS‚
642 2647 709 2719 δι
748 2639 1107 2721 struCturae
1154 2643 1412 2721 nostrae
1466 2643 1712 2740 opifex
1744 2697 1769 2739 ,
1826 2637 2208 2740 ‘postquam
2258 2651 2410 2723 hoc

169 2807 173 2818 .
282 2748 627 2824 ceciderit
657 2799 683 2839 ‚
738 2746 805 2818 &
838 2767 1284 2841 quacumque
1323 2746 1414 2820 de
1460 2745 1661 2820 causa
1713 2747 2109 2821 contritum
2147 2748 2413 2844 fuerit,

285 2845 639 2923 resumere
671 2845 846 2918 illud
874 2891 900 2927 ‚
953 2868 1037 2919 ac
1074 2861 1440 2920 renovare
1478 2867 1560 2919 ac
1599 2845 1836 2919 facere
1876 2846 2049 2917 illud
2081 2844 2410 2940 piaestan-

290 2950 435 3022 tius
472 2969 596 3021 vas
639 2949 988 3037 alterum,
1041 2963 1263 3040 prout
1300 2948 1651 3038 placuerit
1693 2947 1764 3017 in
1815 2941 2203 3036 conspeetu
2251 2947 2403 3025 suo,

292 3047 576 3136 Habeat
612 3047 825 3120 etiam
863 3046 1014 3118 haec
1046 3043 1434 3141 explicatio
1467 3043 1653 3119 suam
1682 3049 2000 3140 gratiam.

438 3166 508 3238 5.
559 3144 697 3220 Sed
743 3143 964 3240 ipsum
1014 3145 1410 3219 Dominum
1460 3146 1818 3219 audiamus
1869 3156 2277 3221 narrantem
2323 3167 2411 3224 ac

294 3245 686 3326 dicentem:
738 3251 815 3317 Sa
851 3249 1141 3343 quomodo
1154 3247 1402 3340 figulus
1434 3247 1538 3344 iste
1559 3300 1583 3334 ‚
1636 3269 1852 3340 πατὴρ
1875 3243 2234 3336 terosacere
2269 3274 2411 3339 ms,

293 3357 503 3421 domus
552 3347 746 3436 lsrael
782 3342 814 3417 ἓ
881 3349 1036 3418 dicit
1082 3349 1416 3422 Do‘minus.
1543 3345 1696 3419 Ecce
1728 3343 1882 3439 ficut
1927 3345 2138 3418 lutum
2175 3349 2415 3441 figuli,

275 3437 364 3549 fic
398 3472 511 3519 vos
562 3447 697 3547 estis
749 3449 826 3517 in
863 3439 1153 3518 manibus
1202 3454 1378 3519 meir.
1478 3449 1581 3519 Ad
1627 3450 1927 3532 summam
1957 3447 2183 3546 loquar
2217 3447 2423 3545 ᾖσμεν,

283 3568 530 3646 gentem
558 3548 636 3626 U
674 3573 972 3640 regnum,
1025 3564 1103 3618 ut
1133 3549 1425 3643 auferam
1458 3550 1588 3617 iHos
1622 3545 1698 3624 U
1729 3548 2107 3680 drsperdam,
2161 3548 2238 3623 U
2267 3574 2413 3621 con-⁶
2501 3541 2505 3546 ¹

292 3665 593 3722 vertetur
620 3669 766 3742 gens
801 3651 907 3719 iffa
941 3646 1020 3718 ab
1057 3648 1332 3719 omnibus
1378 3649 1562 3718 malis
1591 3648 1718 3745 istis
1745 3702 1769 3741 ‚
1821 3674 1953 3745 qua
1987 3653 2229 3722 locutus
2264 3648 2417 3744 fue-

292 3776 429 3825 ram
463 3755 543 3821 ad
566 3753 753 3837 eam,
800 3746 881 3823 U
909 3772 1084 3842 agam
1124 3755 1573 3846 penitentiam
1607 3751 1683 3846 de
1724 3751 1906 3820 malis
1931 3802 1952 3838 ‚
1995 3775 2140 3847 qua
2181 3757 2418 3845 cogita-

291 3874 511 3923 veram
538 3849 757 3942 facere
788 3855 901 3921 eis.
1006 3851 1099 3921 Et
1124 3853 1207 3921 aci
1233 3849 1799 3947 summaqussloquar
1820 3852 2034 3948 superi·
2044 3867 2294 3945 gentem
2331 3854 2415 3929 U

294 3975 551 4042 regnum
577 3952 655 4021 ad
688 3951 1173 4041 readeficandum
1204 3952 1283 4028 U
1311 3952 1776 4047 plantandum:
1851 3951 1926 4026 U
1954 3950 2212 4043 facient
2243 3954 2415 4027 ma'la
2453 3971 2457 3976 '

294 4074 496 4121 coram
548 4075 641 4119 me
666 4096 687 4134 ,
754 4076 883 4121 non
923 4052 1232 4121 audiendo
1284 4071 1488 4123 vocem
1544 4072 1786 4123 meam:
1858 4052 1937 4128 U
1972 4057 2420 4147 poenitentiam

295 4176 477 4244 agam
527 4153 597 4218 de
628 4150 836 4233 bonis,
890 4175 1021 4246 quae
1064 4152 1314 4234 locatur
1350 4178 1518 4222 eram
1544 4151 1756 4241 facere
1794 4158 1881 4223 eis
1909 4200 1934 4240 ,
1989 4155 2146 4222 dicit
2196 4156 2418 4222 Domi-

290 4278 444 4323 nus.
550 4249 760 4342 Hoc,
817 4251 1012 4339 quod
1056 4251 1130 4322 in
1172 4249 1395 4324 domo
1437 4249 1630 4348 figuli
1659 4248 1883 4324 ‘astum
1934 4255 2079 4344 est,
2134 4271 2287 4323 non
2331 4251 2423 4330 ad

170 4437 175 4442 ,
290 4372 513 4428 unum
546 4350 989 4447 quempiam,
1039 4349 1157 4428 sed
1183 4351 1273 4428 ad
1301 4351 1474 4428 duas
1503 4363 1756 4452 gentes
1790 4351 2118 4428 videmus
2125 4345 2431 4519 {ferg-

1729 4459 1744 4474 ·
2223 4467 2338 4517 xcx
