<?xml version="1.0" encoding="UTF-8"?>
<!DOCTYPE html PUBLIC "-//W3C//DTD XHTML 1.0 Transitional//EN"
    "http://www.w3.org/TR/xhtml1/DTD/xhtml1-transitional.dtd">
<html xmlns="http://www.w3.org/1999/xhtml" xml:lang="en" lang="en">
 <head>
  <title>
</title>
<meta http-equiv="Content-Type" content="text/html;charset=utf-8" />
  <meta name='ocr-system' content='tesseract 3.04.00' />
  <meta name='ocr-capabilities' content='ocr_page ocr_carea ocr_par ocr_line ocrx_word'/>
</head>
<body>
  <div class='ocr_page' id='page_1' title='image "./operaomniasanct06unkngoog_0189.png"; bbox 0 0 2734 4859; ppageno 0'>
   <div class='ocr_carea' id='block_1_1' title="bbox 478 533 1202 719">
    <p class='ocr_par' dir='ltr' id='par_1_1' title="bbox 478 533 1202 719">
     <span class='ocr_line' id='line_1_1' title="bbox 478 533 1202 719; baseline 0.001 -45"><span class='ocrx_word' id='word_1_1' title='bbox 478 533 724 708; x_wconf 75' lang='lat' dir='ltr'>trare</span> <span class='ocrx_word' id='word_1_2' title='bbox 773 595 829 719; x_wconf 85' lang='lat' dir='ltr'>rr.</span> <span class='ocrx_word' id='word_1_3' title='bbox 1073 687 1081 710; x_wconf 16' lang='grc'>1,</span> <span class='ocrx_word' id='word_1_4' title='bbox 1133 604 1202 675; x_wconf 73' lang='lat'>161</span> 
     </span>
    </p>
   </div>
   <div class='ocr_carea' id='block_1_2' title="bbox 98 755 1295 4441">
    <p class='ocr_par' dir='ltr' id='par_1_2' title="bbox 132 755 1295 1349">
     <span class='ocr_line' id='line_1_2' title="bbox 134 755 1202 854; baseline -0.002 -17"><span class='ocrx_word' id='word_1_5' title='bbox 134 781 197 854; x_wconf 86' lang='lat' dir='ltr'>ea,</span> <span class='ocrx_word' id='word_1_6' title='bbox 225 755 350 851; x_wconf 87' lang='lat' dir='ltr'>idest,</span> <span class='ocrx_word' id='word_1_7' title='bbox 374 755 548 833; x_wconf 86' lang='lat' dir='ltr'>lisunt&amp;</span> <span class='ocrx_word' id='word_1_8' title='bbox 566 759 623 832; x_wconf 89' lang='lat' dir='ltr'>alli</span> <span class='ocrx_word' id='word_1_9' title='bbox 644 756 782 852; x_wconf 91' lang='lat' dir='ltr'>spiritus</span> <span class='ocrx_word' id='word_1_10' title='bbox 798 759 1049 852; x_wconf 82' lang='lat' dir='ltr'>rationabiles,</span> <span class='ocrx_word' id='word_1_11' title='bbox 1075 770 1117 833; x_wconf 90' lang='lat' dir='ltr'>ut</span> <span class='ocrx_word' id='word_1_12' title='bbox 1130 759 1202 854; x_wconf 90' lang='lat' dir='ltr'>ipsa</span> 
     </span>
     <span class='ocr_line' id='line_1_3' title="bbox 132 844 1295 954; baseline -0.002 -18"><span class='ocrx_word' id='word_1_13' title='bbox 132 862 208 952; x_wconf 78' lang='lat' dir='ltr'>cll,</span> <span class='ocrx_word' id='word_1_14' title='bbox 241 859 355 936; x_wconf 84' lang='lat' dir='ltr'>&amp;alii</span> <span class='ocrx_word' id='word_1_15' title='bbox 375 872 540 932; x_wconf 85' lang='lat' dir='ltr'>carentes</span> <span class='ocrx_word' id='word_1_16' title='bbox 563 859 724 932; x_wconf 87' lang='lat' dir='ltr'>ratione:</span> <span class='ocrx_word' id='word_1_17' title='bbox 758 860 791 931; x_wconf 81' lang='lat' dir='ltr'>dr</span> <span class='ocrx_word' id='word_1_18' title='bbox 815 861 839 934; x_wconf 88' lang='lat' dir='ltr'>sr</span> <span class='ocrx_word' id='word_1_19' title='bbox 863 859 985 937; x_wconf 90' lang='lat' dir='ltr'>eadem</span> <span class='ocrx_word' id='word_1_20' title='bbox 1009 860 1059 936; x_wconf 91' lang='lat' dir='ltr'>est</span> <span class='ocrx_word' id='word_1_21' title='bbox 1074 844 1222 954; x_wconf 78' lang='lat' dir='ltr'>ipsius,&#39;</span> <span class='ocrx_word' id='word_1_22' title='bbox 1288 937 1295 949; x_wconf 67' lang='grc'>,</span> 
     </span>
     <span class='ocr_line' id='line_1_4' title="bbox 132 956 1217 1056; baseline 0.001 -22"><span class='ocrx_word' id='word_1_23' title='bbox 132 982 211 1054; x_wconf 77' lang='lat' dir='ltr'>quae</span> <span class='ocrx_word' id='word_1_24' title='bbox 233 960 269 1034; x_wconf 78' lang='lat' dir='ltr'>dt</span> <span class='ocrx_word' id='word_1_25' title='bbox 290 957 499 1056; x_wconf 87' lang='lat' dir='ltr'>angelorum</span> <span class='ocrx_word' id='word_1_26' title='bbox 514 956 723 1050; x_wconf 89' lang='lat' dir='ltr'>substantia,</span> <span class='ocrx_word' id='word_1_27' title='bbox 751 959 919 1050; x_wconf 90' lang='lat' dir='ltr'>quoniam</span> <span class='ocrx_word' id='word_1_28' title='bbox 942 961 1157 1034; x_wconf 83' lang='lat' dir='ltr'>rationabile</span> <span class='ocrx_word' id='word_1_29' title='bbox 1179 982 1217 1035; x_wconf 87' lang='lat' dir='ltr'>a·</span> 
     </span>
     <span class='ocr_line' id='line_1_5' title="bbox 134 1056 1201 1150; baseline 0.002 -19"><span class='ocrx_word' id='word_1_30' title='bbox 134 1060 341 1136; x_wconf 77' lang='lat' dir='ltr'>rationabili</span> <span class='ocrx_word' id='word_1_31' title='bbox 356 1077 579 1150; x_wconf 87' lang='lat' dir='ltr'>nequaquam</span> <span class='ocrx_word' id='word_1_32' title='bbox 598 1056 743 1130; x_wconf 82' lang='lat' dir='ltr'>differre</span> <span class='ocrx_word' id='word_1_33' title='bbox 764 1060 931 1134; x_wconf 85' lang='lat' dir='ltr'>creditur.</span> <span class='ocrx_word' id='word_1_34' title='bbox 982 1058 1062 1132; x_wconf 90' lang='lat' dir='ltr'>Aut</span> <span class='ocrx_word' id='word_1_35' title='bbox 1081 1058 1105 1133; x_wconf 87' lang='lat' dir='ltr'>st</span> <span class='ocrx_word' id='word_1_36' title='bbox 1123 1080 1201 1133; x_wconf 90' lang='lat' dir='ltr'>non</span> 
     </span>
     <span class='ocr_line' id='line_1_6' title="bbox 133 1156 1201 1254; baseline -0.001 -21"><span class='ocrx_word' id='word_1_37' title='bbox 133 1159 184 1233; x_wconf 87' lang='lat' dir='ltr'>est</span> <span class='ocrx_word' id='word_1_38' title='bbox 200 1159 348 1254; x_wconf 89' lang='lat' dir='ltr'>quidem</span> <span class='ocrx_word' id='word_1_39' title='bbox 364 1159 443 1231; x_wconf 86' lang='lat' dir='ltr'>talis</span> <span class='ocrx_word' id='word_1_40' title='bbox 460 1178 524 1249; x_wconf 90' lang='lat' dir='ltr'>per</span> <span class='ocrx_word' id='word_1_41' title='bbox 539 1157 777 1248; x_wconf 87' lang='lat' dir='ltr'>substantiam,</span> <span class='ocrx_word' id='word_1_42' title='bbox 805 1156 861 1230; x_wconf 90' lang='lat' dir='ltr'>sed</span> <span class='ocrx_word' id='word_1_43' title='bbox 877 1159 944 1230; x_wconf 82' lang='lat' dir='ltr'>eiit</span> <span class='ocrx_word' id='word_1_44' title='bbox 957 1160 1036 1231; x_wconf 90' lang='lat' dir='ltr'>talis</span> <span class='ocrx_word' id='word_1_45' title='bbox 1049 1179 1113 1252; x_wconf 88' lang='lat' dir='ltr'>per</span> <span class='ocrx_word' id='word_1_46' title='bbox 1124 1179 1201 1253; x_wconf 90' lang='lat' dir='ltr'>gra·</span> 
     </span>
     <span class='ocr_line' id='line_1_7' title="bbox 134 1257 1213 1349; baseline -0.002 -17"><span class='ocrx_word' id='word_1_47' title='bbox 134 1260 251 1349; x_wconf 70' lang='lat' dir='ltr'>tiam,</span> <span class='ocrx_word' id='word_1_48' title='bbox 274 1259 300 1332; x_wconf 87' lang='lat' dir='ltr'>fi</span> <span class='ocrx_word' id='word_1_49' title='bbox 316 1258 504 1330; x_wconf 88' lang='lat' dir='ltr'>meruerit:</span> <span class='ocrx_word' id='word_1_50' title='bbox 538 1277 582 1330; x_wconf 88' lang='lat' dir='ltr'>an</span> <span class='ocrx_word' id='word_1_51' title='bbox 596 1278 671 1329; x_wconf 91' lang='lat' dir='ltr'>non</span> <span class='ocrx_word' id='word_1_52' title='bbox 687 1258 791 1349; x_wconf 85' lang='lat' dir='ltr'>pollrt</span> <span class='ocrx_word' id='word_1_53' title='bbox 807 1261 956 1331; x_wconf 88' lang='lat' dir='ltr'>omnino</span> <span class='ocrx_word' id='word_1_54' title='bbox 974 1258 1090 1331; x_wconf 78' lang='lat' dir='ltr'>similis</span> <span class='ocrx_word' id='word_1_55' title='bbox 1109 1257 1213 1331; x_wconf 19' lang='lat' dir='ltr'>efficia</span> 
     </span>
    </p>

    <p class='ocr_par' dir='ltr' id='par_1_3' title="bbox 98 1355 1271 4346">
     <span class='ocr_line' id='line_1_8' title="bbox 98 1355 1200 1457; baseline 0.004 -31"><span class='ocrx_word' id='word_1_56' title='bbox 98 1421 101 1426; x_wconf 86' lang='lat'><em>.</em></span> <span class='ocrx_word' id='word_1_57' title='bbox 135 1360 294 1457; x_wconf 80' lang='lat' dir='ltr'>angelis,</span> <span class='ocrx_word' id='word_1_58' title='bbox 318 1357 381 1432; x_wconf 86' lang='lat' dir='ltr'>uili</span> <span class='ocrx_word' id='word_1_59' title='bbox 400 1357 474 1430; x_wconf 91' lang='lat' dir='ltr'>hoc</span> <span class='ocrx_word' id='word_1_60' title='bbox 491 1370 625 1429; x_wconf 83' lang='lat' dir='ltr'>naturae</span> <span class='ocrx_word' id='word_1_61' title='bbox 646 1355 713 1428; x_wconf 83' lang='lat' dir='ltr'>suae</span> <span class='ocrx_word' id='word_1_62' title='bbox 731 1361 901 1448; x_wconf 87' lang='lat' dir='ltr'>qualitas,</span> <span class='ocrx_word' id='word_1_63' title='bbox 929 1375 990 1430; x_wconf 90' lang='lat' dir='ltr'>aut</span> <span class='ocrx_word' id='word_1_64' title='bbox 1009 1357 1200 1432; x_wconf 77' lang='lat' dir='ltr'>similitudo</span> 
     </span>
     <span class='ocr_line' id='line_1_9' title="bbox 134 1453 1202 1554; baseline -0.002 -24"><span class='ocrx_word' id='word_1_65' title='bbox 134 1459 328 1554; x_wconf 86' lang='lat' dir='ltr'>receperit.</span> <span class='ocrx_word' id='word_1_66' title='bbox 376 1455 494 1530; x_wconf 90' lang='lat' dir='ltr'>Reddi</span> <span class='ocrx_word' id='word_1_67' title='bbox 515 1455 607 1529; x_wconf 88' lang='lat' dir='ltr'>enirn</span> <span class='ocrx_word' id='word_1_68' title='bbox 632 1454 732 1548; x_wconf 85' lang='lat' dir='ltr'>polle</span> <span class='ocrx_word' id='word_1_69' title='bbox 757 1458 960 1548; x_wconf 89' lang='lat' dir='ltr'>videbitur,</span> <span class='ocrx_word' id='word_1_70' title='bbox 988 1458 1087 1548; x_wconf 90' lang='lat' dir='ltr'>quod</span> <span class='ocrx_word' id='word_1_71' title='bbox 1103 1453 1202 1531; x_wconf 84' lang='lat' dir='ltr'>amis-</span> 
     </span>
     <span class='ocr_line' id='line_1_10' title="bbox 134 1555 1202 1654; baseline -0.002 -22"><span class='ocrx_word' id='word_1_72' title='bbox 134 1556 204 1635; x_wconf 89' lang='lat' dir='ltr'>sum</span> <span class='ocrx_word' id='word_1_73' title='bbox 221 1555 299 1648; x_wconf 89' lang='lat' dir='ltr'>est,</span> <span class='ocrx_word' id='word_1_74' title='bbox 324 1577 400 1630; x_wconf 88' lang='lat' dir='ltr'>non</span> <span class='ocrx_word' id='word_1_75' title='bbox 417 1571 537 1654; x_wconf 83' lang='lat' dir='ltr'>tamen</span> <span class='ocrx_word' id='word_1_76' title='bbox 555 1555 712 1628; x_wconf 85' lang='lat' dir='ltr'>conferri</span> <span class='ocrx_word' id='word_1_77' title='bbox 729 1555 785 1647; x_wconf 92' lang='lat' dir='ltr'>id,</span> <span class='ocrx_word' id='word_1_78' title='bbox 813 1557 911 1647; x_wconf 90' lang='lat' dir='ltr'>quod</span> <span class='ocrx_word' id='word_1_79' title='bbox 927 1577 971 1650; x_wconf 78' lang='lat' dir='ltr'>ex</span> <span class='ocrx_word' id='word_1_80' title='bbox 992 1555 1098 1628; x_wconf 90' lang='lat' dir='ltr'>initio</span> <span class='ocrx_word' id='word_1_81' title='bbox 1113 1575 1202 1630; x_wconf 90' lang='lat' dir='ltr'>con·</span> 
     </span>
     <span class='ocr_line' id='line_1_11' title="bbox 134 1653 1201 1751; baseline -0.002 -21"><span class='ocrx_word' id='word_1_82' title='bbox 134 1658 230 1732; x_wconf 72' lang='lat' dir='ltr'>dnor</span> <span class='ocrx_word' id='word_1_83' title='bbox 255 1676 334 1730; x_wconf 86' lang='lat' dir='ltr'>non</span> <span class='ocrx_word' id='word_1_84' title='bbox 356 1655 506 1740; x_wconf 78' lang='lat' dir='ltr'>dederit.</span> <span class='ocrx_word' id='word_1_85' title='bbox 557 1655 677 1727; x_wconf 84' lang='lat' dir='ltr'>Sed&amp;</span> <span class='ocrx_word' id='word_1_86' title='bbox 699 1657 774 1727; x_wconf 90' lang='lat' dir='ltr'>hoc</span> <span class='ocrx_word' id='word_1_87' title='bbox 791 1656 906 1728; x_wconf 88' lang='lat' dir='ltr'>adhue</span> <span class='ocrx_word' id='word_1_88' title='bbox 922 1655 964 1727; x_wconf 90' lang='lat' dir='ltr'>ad</span> <span class='ocrx_word' id='word_1_89' title='bbox 980 1653 1201 1751; x_wconf 85' lang='lat' dir='ltr'>cognoscen-</span> 
     </span>
     <span class='ocr_line' id='line_1_12' title="bbox 134 1751 1207 1848; baseline 0 -18"><span class='ocrx_word' id='word_1_90' title='bbox 134 1757 207 1832; x_wconf 82' lang='lat' dir='ltr'>dam</span> <span class='ocrx_word' id='word_1_91' title='bbox 226 1751 448 1848; x_wconf 87' lang='lat' dir='ltr'>semetipsam</span> <span class='ocrx_word' id='word_1_92' title='bbox 466 1756 580 1828; x_wconf 86' lang='lat' dir='ltr'>anima</span> <span class='ocrx_word' id='word_1_93' title='bbox 597 1756 774 1846; x_wconf 89' lang='lat' dir='ltr'>requirat,</span> <span class='ocrx_word' id='word_1_94' title='bbox 809 1755 831 1828; x_wconf 89' lang='lat' dir='ltr'>sr</span> <span class='ocrx_word' id='word_1_95' title='bbox 853 1755 967 1832; x_wconf 91' lang='lat' dir='ltr'>virtus</span> <span class='ocrx_word' id='word_1_96' title='bbox 985 1756 1107 1830; x_wconf 87' lang='lat' dir='ltr'>animae</span> <span class='ocrx_word' id='word_1_97' title='bbox 1124 1755 1207 1846; x_wconf 84' lang='lat' dir='ltr'>ejus</span> 
     </span>
     <span class='ocr_line' id='line_1_13' title="bbox 134 1853 1268 1948; baseline -0.003 -19"><span class='ocrx_word' id='word_1_98' title='bbox 134 1854 308 1930; x_wconf 82' lang='lat' dir='ltr'>recedere</span> <span class='ocrx_word' id='word_1_99' title='bbox 333 1853 511 1948; x_wconf 85' lang='lat' dir='ltr'>potest&amp;</span> <span class='ocrx_word' id='word_1_100' title='bbox 535 1854 720 1926; x_wconf 79' lang='lat' dir='ltr'>decedere.</span> <span class='ocrx_word' id='word_1_101' title='bbox 787 1856 845 1926; x_wconf 80' lang='lat' dir='ltr'>An</span> <span class='ocrx_word' id='word_1_102' title='bbox 875 1853 925 1928; x_wconf 90' lang='lat' dir='ltr'>est</span> <span class='ocrx_word' id='word_1_103' title='bbox 950 1855 1201 1945; x_wconf 87' lang='lat' dir='ltr'>immutabilis,</span> <span class='ocrx_word' id='word_1_104' title='bbox 1263 1854 1268 1861; x_wconf 82' lang='lat'>&#39;</span> 
     </span>
     <span class='ocr_line' id='line_1_14' title="bbox 134 1951 1200 2048; baseline -0.004 -18"><span class='ocrx_word' id='word_1_105' title='bbox 134 1977 174 2030; x_wconf 83' lang='lat' dir='ltr'>tn</span> <span class='ocrx_word' id='word_1_106' title='bbox 195 1954 372 2048; x_wconf 80' lang='lat' dir='ltr'>acquisrta</span> <span class='ocrx_word' id='word_1_107' title='bbox 395 1953 501 2030; x_wconf 88' lang='lat' dir='ltr'>semel</span> <span class='ocrx_word' id='word_1_108' title='bbox 530 1955 624 2024; x_wconf 92' lang='lat' dir='ltr'>ultra</span> <span class='ocrx_word' id='word_1_109' title='bbox 653 1974 729 2026; x_wconf 90' lang='lat' dir='ltr'>non</span> <span class='ocrx_word' id='word_1_110' title='bbox 753 1953 890 2028; x_wconf 88' lang='lat' dir='ltr'>defluit.</span> <span class='ocrx_word' id='word_1_111' title='bbox 940 1951 990 2026; x_wconf 88' lang='lat' dir='ltr'>Et</span> <span class='ocrx_word' id='word_1_112' title='bbox 1009 1952 1092 2044; x_wconf 80' lang='lat' dir='ltr'>quid</span> <span class='ocrx_word' id='word_1_113' title='bbox 1107 1973 1200 2045; x_wconf 88' lang='lat' dir='ltr'>opus</span> 
     </span>
     <span class='ocr_line' id='line_1_15' title="bbox 135 2051 1202 2148; baseline -0.006 -18"><span class='ocrx_word' id='word_1_114' title='bbox 135 2055 200 2148; x_wconf 89' lang='lat' dir='ltr'>est,</span> <span class='ocrx_word' id='word_1_115' title='bbox 237 2057 344 2147; x_wconf 84' lang='lat' dir='ltr'>plura</span> <span class='ocrx_word' id='word_1_116' title='bbox 366 2072 673 2145; x_wconf 88' lang='lat' dir='ltr'>commemorare,</span> <span class='ocrx_word' id='word_1_117' title='bbox 708 2055 835 2145; x_wconf 91' lang='lat' dir='ltr'>quibus</span> <span class='ocrx_word' id='word_1_118' title='bbox 854 2075 898 2124; x_wconf 85' lang='lat' dir='ltr'>ex</span> <span class='ocrx_word' id='word_1_119' title='bbox 915 2051 1023 2125; x_wconf 90' lang='lat' dir='ltr'>causrs</span> <span class='ocrx_word' id='word_1_120' title='bbox 1039 2051 1202 2144; x_wconf 76' lang='lat' dir='ltr'>semetip-</span> 
     </span>
     <span class='ocr_line' id='line_1_16' title="bbox 114 2149 1201 2250; baseline -0.003 -22"><span class='ocrx_word' id='word_1_121' title='bbox 114 2153 195 2230; x_wconf 84' lang='lat' dir='ltr'>-srm</span> <span class='ocrx_word' id='word_1_122' title='bbox 212 2149 418 2250; x_wconf 89' lang='lat' dir='ltr'>cognoscat</span> <span class='ocrx_word' id='word_1_123' title='bbox 433 2155 569 2244; x_wconf 88' lang='lat' dir='ltr'>anima,</span> <span class='ocrx_word' id='word_1_124' title='bbox 596 2173 642 2224; x_wconf 90' lang='lat' dir='ltr'>ne</span> <span class='ocrx_word' id='word_1_125' title='bbox 657 2151 770 2244; x_wconf 90' lang='lat' dir='ltr'>sorte,</span> <span class='ocrx_word' id='word_1_126' title='bbox 796 2153 820 2225; x_wconf 88' lang='lat' dir='ltr'>sr</span> <span class='ocrx_word' id='word_1_127' title='bbox 846 2151 1057 2249; x_wconf 77' lang='lat' dir='ltr'>neglexerit,</span> <span class='ocrx_word' id='word_1_128' title='bbox 1082 2149 1201 2243; x_wconf 84' lang='lat' dir='ltr'>perfe-</span> 
     </span>
     <span class='ocr_line' id='line_1_17' title="bbox 134 2249 1271 2348; baseline -0.005 -18"><span class='ocrx_word' id='word_1_129' title='bbox 134 2253 181 2330; x_wconf 73' lang='lat' dir='ltr'>ste</span> <span class='ocrx_word' id='word_1_130' title='bbox 198 2249 425 2345; x_wconf 87' lang='lat' dir='ltr'>semetipsam</span> <span class='ocrx_word' id='word_1_131' title='bbox 442 2252 683 2348; x_wconf 82' lang='lat' dir='ltr'>cognoscere,</span> <span class='ocrx_word' id='word_1_132' title='bbox 711 2254 809 2326; x_wconf 82' lang='lat' dir='ltr'>exire</span> <span class='ocrx_word' id='word_1_133' title='bbox 815 2254 983 2345; x_wconf 88' lang='lat' dir='ltr'>jubeatur</span> <span class='ocrx_word' id='word_1_134' title='bbox 994 2252 1030 2325; x_wconf 93' lang='lat' dir='ltr'>in</span> <span class='ocrx_word' id='word_1_135' title='bbox 1043 2250 1202 2347; x_wconf 89' lang='lat' dir='ltr'>vestigiis</span> <span class='ocrx_word' id='word_1_136' title='bbox 1269 2257 1271 2264; x_wconf 83' lang='grc'>’</span> 
     </span>
     <span class='ocr_line' id='line_1_18' title="bbox 134 2348 1203 2466; baseline -0.001 -42"><span class='ocrx_word' id='word_1_137' title='bbox 134 2375 298 2452; x_wconf 79' lang='lat' dir='ltr'>gregum,</span> <span class='ocrx_word' id='word_1_138' title='bbox 326 2348 521 2446; x_wconf 87' lang='lat' dir='ltr'>&amp;pascere</span> <span class='ocrx_word' id='word_1_139' title='bbox 538 2351 675 2444; x_wconf 88' lang='lat' dir='ltr'>haedos,</span> <span class='ocrx_word' id='word_1_140' title='bbox 704 2351 827 2466; x_wconf 61' lang='lat' dir='ltr'>&amp;goe</span> <span class='ocrx_word' id='word_1_141' title='bbox 840 2374 915 2424; x_wconf 92' lang='lat' dir='ltr'>non</span> <span class='ocrx_word' id='word_1_142' title='bbox 929 2355 964 2425; x_wconf 92' lang='lat' dir='ltr'>in</span> <span class='ocrx_word' id='word_1_143' title='bbox 979 2351 1131 2446; x_wconf 90' lang='lat' dir='ltr'>proprio</span> <span class='ocrx_word' id='word_1_144' title='bbox 1149 2365 1203 2423; x_wconf 87' lang='lat' dir='ltr'>ta·</span> 
     </span>
     <span class='ocr_line' id='line_1_19' title="bbox 136 2448 1202 2545; baseline -0.004 -19"><span class='ocrx_word' id='word_1_145' title='bbox 136 2451 351 2542; x_wconf 89' lang='lat' dir='ltr'>bernaculo,</span> <span class='ocrx_word' id='word_1_146' title='bbox 376 2450 434 2524; x_wconf 91' lang='lat' dir='ltr'>sed</span> <span class='ocrx_word' id='word_1_147' title='bbox 450 2452 486 2523; x_wconf 93' lang='lat' dir='ltr'>in</span> <span class='ocrx_word' id='word_1_148' title='bbox 503 2452 743 2524; x_wconf 89' lang='lat' dir='ltr'>tabernaculis</span> <span class='ocrx_word' id='word_1_149' title='bbox 757 2450 956 2544; x_wconf 87' lang='lat' dir='ltr'>pastorum:</span> <span class='ocrx_word' id='word_1_150' title='bbox 981 2448 1202 2545; x_wconf 87' lang='lat' dir='ltr'>cumpraesto</span> 
     </span>
     <span class='ocr_line' id='line_1_20' title="bbox 133 2549 1202 2646; baseline -0.007 -20"><span class='ocrx_word' id='word_1_151' title='bbox 133 2554 169 2627; x_wconf 89' lang='lat' dir='ltr'>lit</span> <span class='ocrx_word' id='word_1_152' title='bbox 183 2550 335 2624; x_wconf 88' lang='lat' dir='ltr'>volenti</span> <span class='ocrx_word' id='word_1_153' title='bbox 359 2549 436 2623; x_wconf 80' lang='lat' dir='ltr'>haee‘</span> <span class='ocrx_word' id='word_1_154' title='bbox 449 2550 624 2642; x_wconf 79' lang='lat' dir='ltr'>persequi,</span> <span class='ocrx_word' id='word_1_155' title='bbox 638 2550 836 2646; x_wconf 78' lang='lat' dir='ltr'>largissimas</span> <span class='ocrx_word' id='word_1_156' title='bbox 848 2551 1054 2623; x_wconf 74' lang='lat' dir='ltr'>occasiones</span> <span class='ocrx_word' id='word_1_157' title='bbox 1071 2572 1115 2623; x_wconf 82' lang='lat' dir='ltr'>ex</span> <span class='ocrx_word' id='word_1_158' title='bbox 1132 2549 1202 2641; x_wconf 88' lang='lat' dir='ltr'>his,</span> 
     </span>
     <span class='ocr_line' id='line_1_21' title="bbox 135 2645 1203 2743; baseline -0.007 -17"><span class='ocrx_word' id='word_1_159' title='bbox 135 2673 207 2743; x_wconf 86' lang='lat' dir='ltr'>quae</span> <span class='ocrx_word' id='word_1_160' title='bbox 223 2650 334 2743; x_wconf 86' lang='lat' dir='ltr'>supra</span> <span class='ocrx_word' id='word_1_161' title='bbox 353 2650 652 2741; x_wconf 87' lang='lat' dir='ltr'>memoravimus,</span> <span class='ocrx_word' id='word_1_162' title='bbox 680 2647 837 2741; x_wconf 84' lang='lat' dir='ltr'>sumere,</span> <span class='ocrx_word' id='word_1_163' title='bbox 863 2650 899 2722; x_wconf 91' lang='lat' dir='ltr'>in</span> <span class='ocrx_word' id='word_1_164' title='bbox 917 2652 1044 2740; x_wconf 90' lang='lat' dir='ltr'>quibus</span> <span class='ocrx_word' id='word_1_165' title='bbox 1060 2645 1130 2722; x_wconf 90' lang='lat' dir='ltr'>sese</span> <span class='ocrx_word' id='word_1_166' title='bbox 1142 2669 1203 2720; x_wconf 83' lang='lat' dir='ltr'>ex-</span> 
     </span>
     <span class='ocr_line' id='line_1_22' title="bbox 136 2746 1205 2844; baseline -0.007 -18"><span class='ocrx_word' id='word_1_167' title='bbox 136 2771 259 2826; x_wconf 86' lang='lat' dir='ltr'>ercere</span> <span class='ocrx_word' id='word_1_168' title='bbox 274 2753 314 2824; x_wconf 94' lang='lat' dir='ltr'>in</span> <span class='ocrx_word' id='word_1_169' title='bbox 328 2746 493 2824; x_wconf 92' lang='lat' dir='ltr'>sermone</span> <span class='ocrx_word' id='word_1_170' title='bbox 508 2747 661 2820; x_wconf 77' lang='lat' dir='ltr'>scientie</span> <span class='ocrx_word' id='word_1_171' title='bbox 675 2769 744 2841; x_wconf 93' lang='lat' dir='ltr'>pro</span> <span class='ocrx_word' id='word_1_172' title='bbox 763 2749 896 2821; x_wconf 91' lang='lat' dir='ltr'>viribus</span> <span class='ocrx_word' id='word_1_173' title='bbox 915 2747 1042 2844; x_wconf 75' lang='lat' dir='ltr'>pontt</span> <span class='ocrx_word' id='word_1_174' title='bbox 1070 2748 1205 2820; x_wconf 88' lang='lat' dir='ltr'>Dican-</span> 
     </span>
     <span class='ocr_line' id='line_1_23' title="bbox 135 2847 1205 2939; baseline -0.005 -15"><span class='ocrx_word' id='word_1_175' title='bbox 135 2865 189 2924; x_wconf 89' lang='lat' dir='ltr'>tur</span> <span class='ocrx_word' id='word_1_176' title='bbox 212 2870 313 2924; x_wconf 90' lang='lat' dir='ltr'>vero</span> <span class='ocrx_word' id='word_1_177' title='bbox 334 2849 411 2923; x_wconf 84' lang='lat' dir='ltr'>haec</span> <span class='ocrx_word' id='word_1_178' title='bbox 428 2870 448 2920; x_wconf 89' lang='lat' dir='ltr'>a</span> <span class='ocrx_word' id='word_1_179' title='bbox 468 2850 585 2920; x_wconf 89' lang='lat' dir='ltr'>verbo</span> <span class='ocrx_word' id='word_1_180' title='bbox 606 2847 675 2920; x_wconf 89' lang='lat' dir='ltr'>Dei</span> <span class='ocrx_word' id='word_1_181' title='bbox 694 2848 856 2921; x_wconf 87' lang='lat' dir='ltr'>etiamad</span> <span class='ocrx_word' id='word_1_182' title='bbox 874 2851 1047 2939; x_wconf 90' lang='lat' dir='ltr'>animam,</span> <span class='ocrx_word' id='word_1_183' title='bbox 1075 2848 1205 2938; x_wconf 82' lang='lat' dir='ltr'>quaein</span> 
     </span>
     <span class='ocr_line' id='line_1_24' title="bbox 135 2945 1206 3044; baseline -0.001 -23"><span class='ocrx_word' id='word_1_184' title='bbox 135 2949 361 3044; x_wconf 66' lang='lat' dir='ltr'>profertibus</span> <span class='ocrx_word' id='word_1_185' title='bbox 378 2947 519 3040; x_wconf 90' lang='lat' dir='ltr'>quidem</span> <span class='ocrx_word' id='word_1_186' title='bbox 535 2947 648 3039; x_wconf 78' lang='lat' dir='ltr'>posita</span> <span class='ocrx_word' id='word_1_187' title='bbox 663 2945 733 3041; x_wconf 92' lang='lat' dir='ltr'>est,</span> <span class='ocrx_word' id='word_1_188' title='bbox 759 2948 920 3020; x_wconf 92' lang='lat' dir='ltr'>nondum</span> <span class='ocrx_word' id='word_1_189' title='bbox 931 2962 1047 3019; x_wconf 89' lang='lat' dir='ltr'>tamen</span> <span class='ocrx_word' id='word_1_190' title='bbox 1060 2947 1206 3020; x_wconf 88' lang='lat' dir='ltr'>adsum·</span> 
     </span>
     <span class='ocr_line' id='line_1_25' title="bbox 136 3044 1206 3145; baseline -0.007 -21"><span class='ocrx_word' id='word_1_191' title='bbox 136 3072 226 3124; x_wconf 83' lang='lat' dir='ltr'>nram</span> <span class='ocrx_word' id='word_1_192' title='bbox 254 3046 489 3145; x_wconf 77' lang='lat' dir='ltr'>perledlionis</span> <span class='ocrx_word' id='word_1_193' title='bbox 520 3046 686 3120; x_wconf 87' lang='lat' dir='ltr'>ascendit.</span> <span class='ocrx_word' id='word_1_194' title='bbox 757 3050 848 3142; x_wconf 85' lang='lat' dir='ltr'>Quae</span> <span class='ocrx_word' id='word_1_195' title='bbox 877 3068 944 3139; x_wconf 93' lang='lat' dir='ltr'>pro</span> <span class='ocrx_word' id='word_1_196' title='bbox 971 3067 1016 3119; x_wconf 92' lang='lat' dir='ltr'>eo</span> <span class='ocrx_word' id='word_1_197' title='bbox 1041 3044 1206 3137; x_wconf 84' lang='lat' dir='ltr'>quidem,</span> 
     </span>
     <span class='ocr_line' id='line_1_26' title="bbox 139 3144 1206 3242; baseline -0.005 -20"><span class='ocrx_word' id='word_1_198' title='bbox 139 3149 235 3242; x_wconf 86' lang='lat' dir='ltr'>quod</span> <span class='ocrx_word' id='word_1_199' title='bbox 260 3144 431 3242; x_wconf 82' lang='lat' dir='ltr'>prolicit,</span> <span class='ocrx_word' id='word_1_200' title='bbox 465 3148 612 3238; x_wconf 86' lang='lat' dir='ltr'>pulchra</span> <span class='ocrx_word' id='word_1_201' title='bbox 636 3145 785 3218; x_wconf 90' lang='lat' dir='ltr'>dicitur:</span> <span class='ocrx_word' id='word_1_202' title='bbox 816 3162 857 3216; x_wconf 90' lang='lat' dir='ltr'>ut</span> <span class='ocrx_word' id='word_1_203' title='bbox 876 3161 994 3219; x_wconf 86' lang='lat' dir='ltr'>autem</span> <span class='ocrx_word' id='word_1_204' title='bbox 1011 3144 1206 3237; x_wconf 89' lang='lat' dir='ltr'>pervenire</span> 
     </span>
     <span class='ocr_line' id='line_1_27' title="bbox 137 3242 1208 3341; baseline -0.005 -20"><span class='ocrx_word' id='word_1_205' title='bbox 137 3245 616 3341; x_wconf 71' lang='lat' dir='ltr'>portitoradperfectionem,</span> <span class='ocrx_word' id='word_1_206' title='bbox 638 3243 700 3315; x_wconf 80' lang='lat' dir='ltr'>frat</span> <span class='ocrx_word' id='word_1_207' title='bbox 711 3246 751 3316; x_wconf 88' lang='lat' dir='ltr'>ad</span> <span class='ocrx_word' id='word_1_208' title='bbox 761 3267 836 3318; x_wconf 90' lang='lat' dir='ltr'>eam</span> <span class='ocrx_word' id='word_1_209' title='bbox 846 3246 1076 3319; x_wconf 87' lang='lat' dir='ltr'>comminatio</span> <span class='ocrx_word' id='word_1_210' title='bbox 1088 3242 1208 3316; x_wconf 91' lang='lat' dir='ltr'>neces·</span> 
     </span>
     <span class='ocr_line' id='line_1_28' title="bbox 138 3343 1207 3439; baseline -0.005 -19"><span class='ocrx_word' id='word_1_211' title='bbox 138 3345 241 3420; x_wconf 85' lang='lat' dir='ltr'>laria:</span> <span class='ocrx_word' id='word_1_212' title='bbox 273 3345 374 3438; x_wconf 87' lang='lat' dir='ltr'>quod</span> <span class='ocrx_word' id='word_1_213' title='bbox 396 3345 456 3417; x_wconf 87' lang='lat' dir='ltr'>nisr</span> <span class='ocrx_word' id='word_1_214' title='bbox 477 3367 541 3436; x_wconf 89' lang='lat' dir='ltr'>per</span> <span class='ocrx_word' id='word_1_215' title='bbox 557 3343 620 3415; x_wconf 89' lang='lat' dir='ltr'>ista</span> <span class='ocrx_word' id='word_1_216' title='bbox 634 3344 786 3439; x_wconf 73' lang='lat' dir='ltr'>singula,</span> <span class='ocrx_word' id='word_1_217' title='bbox 815 3368 891 3434; x_wconf 70' lang='lat' dir='ltr'>quaa</span> <span class='ocrx_word' id='word_1_218' title='bbox 909 3344 1012 3438; x_wconf 88' lang='lat' dir='ltr'>supra</span> <span class='ocrx_word' id='word_1_219' title='bbox 1032 3344 1207 3432; x_wconf 83' lang='lat' dir='ltr'>diximus,</span> 
     </span>
     <span class='ocr_line' id='line_1_29' title="bbox 140 3443 1207 3540; baseline -0.005 -20"><span class='ocrx_word' id='word_1_220' title='bbox 140 3444 361 3539; x_wconf 85' lang='lat' dir='ltr'>semetipsam</span> <span class='ocrx_word' id='word_1_221' title='bbox 390 3445 631 3540; x_wconf 87' lang='lat' dir='ltr'>cognoverit,</span> <span class='ocrx_word' id='word_1_222' title='bbox 672 3443 705 3514; x_wconf 73' lang='lat' dir='ltr'>oc</span> <span class='ocrx_word' id='word_1_223' title='bbox 732 3446 921 3539; x_wconf 86' lang='lat' dir='ltr'>vigilanter</span> <span class='ocrx_word' id='word_1_224' title='bbox 945 3444 1149 3517; x_wconf 87' lang='lat' dir='ltr'>exercuerit</span> <span class='ocrx_word' id='word_1_225' title='bbox 1167 3444 1207 3515; x_wconf 90' lang='lat' dir='ltr'>in</span> 
     </span>
     <span class='ocr_line' id='line_1_30' title="bbox 140 3542 1209 3640; baseline -0.004 -23"><span class='ocrx_word' id='word_1_226' title='bbox 140 3551 258 3622; x_wconf 84' lang='lat' dir='ltr'>verbo</span> <span class='ocrx_word' id='word_1_227' title='bbox 276 3543 398 3617; x_wconf 85' lang='lat' dir='ltr'>Dei&amp;</span> <span class='ocrx_word' id='word_1_228' title='bbox 417 3546 497 3640; x_wconf 88' lang='lat' dir='ltr'>lege</span> <span class='ocrx_word' id='word_1_229' title='bbox 513 3544 657 3633; x_wconf 89' lang='lat' dir='ltr'>divina,</span> <span class='ocrx_word' id='word_1_230' title='bbox 692 3545 881 3639; x_wconf 91' lang='lat' dir='ltr'>continget</span> <span class='ocrx_word' id='word_1_231' title='bbox 902 3546 934 3616; x_wconf 91' lang='lat' dir='ltr'>ei</span> <span class='ocrx_word' id='word_1_232' title='bbox 955 3543 1000 3616; x_wconf 89' lang='lat' dir='ltr'>de</span> <span class='ocrx_word' id='word_1_233' title='bbox 1016 3544 1070 3616; x_wconf 92' lang='lat' dir='ltr'>his</span> <span class='ocrx_word' id='word_1_234' title='bbox 1094 3542 1209 3638; x_wconf 86' lang='lat' dir='ltr'>fingu-</span> 
     </span>
     <span class='ocr_line' id='line_1_31' title="bbox 141 3642 1206 3742; baseline -0.005 -24"><span class='ocrx_word' id='word_1_235' title='bbox 141 3647 179 3720; x_wconf 88' lang='lat' dir='ltr'>lis</span> <span class='ocrx_word' id='word_1_236' title='bbox 197 3645 396 3742; x_wconf 91' lang='lat' dir='ltr'>opiniones</span> <span class='ocrx_word' id='word_1_237' title='bbox 418 3643 587 3737; x_wconf 84' lang='lat' dir='ltr'>colligere</span> <span class='ocrx_word' id='word_1_238' title='bbox 605 3642 848 3734; x_wconf 89' lang='lat' dir='ltr'>diversorum,</span> <span class='ocrx_word' id='word_1_239' title='bbox 875 3642 1020 3734; x_wconf 82' lang='lat' dir='ltr'>&amp;sequi</span> <span class='ocrx_word' id='word_1_240' title='bbox 1041 3643 1206 3716; x_wconf 90' lang='lat' dir='ltr'>homines</span> 
     </span>
     <span class='ocr_line' id='line_1_32' title="bbox 142 3740 1207 3840; baseline -0.006 -23"><span class='ocrx_word' id='word_1_241' title='bbox 142 3747 226 3818; x_wconf 88' lang='lat' dir='ltr'>nihil</span> <span class='ocrx_word' id='word_1_242' title='bbox 240 3745 439 3840; x_wconf 87' lang='lat' dir='ltr'>egregium,</span> <span class='ocrx_word' id='word_1_243' title='bbox 464 3743 552 3815; x_wconf 88' lang='lat' dir='ltr'>nihil</span> <span class='ocrx_word' id='word_1_244' title='bbox 569 3765 614 3815; x_wconf 87' lang='lat' dir='ltr'>ex</span> <span class='ocrx_word' id='word_1_245' title='bbox 631 3741 763 3833; x_wconf 87' lang='lat' dir='ltr'>Spiritu</span> <span class='ocrx_word' id='word_1_246' title='bbox 779 3741 896 3814; x_wconf 71' lang='lat' dir='ltr'>santio</span> <span class='ocrx_word' id='word_1_247' title='bbox 910 3747 1069 3815; x_wconf 86' lang='lat' dir='ltr'>locutos.</span> <span class='ocrx_word' id='word_1_248' title='bbox 1119 3740 1207 3812; x_wconf 90' lang='lat' dir='ltr'>Hoc</span> 
     </span>
     <span class='ocr_line' id='line_1_33' title="bbox 143 3837 1207 3936; baseline -0.008 -20"><span class='ocrx_word' id='word_1_249' title='bbox 143 3845 189 3917; x_wconf 89' lang='lat' dir='ltr'>est</span> <span class='ocrx_word' id='word_1_250' title='bbox 211 3844 312 3918; x_wconf 85' lang='lat' dir='ltr'>enim</span> <span class='ocrx_word' id='word_1_251' title='bbox 339 3842 439 3916; x_wconf 83' lang='lat' dir='ltr'>exire</span> <span class='ocrx_word' id='word_1_252' title='bbox 459 3842 494 3914; x_wconf 92' lang='lat' dir='ltr'>in</span> <span class='ocrx_word' id='word_1_253' title='bbox 514 3841 666 3936; x_wconf 87' lang='lat' dir='ltr'>vestigiis</span> <span class='ocrx_word' id='word_1_254' title='bbox 688 3862 855 3936; x_wconf 78' lang='lat' dir='ltr'>gregum,</span> <span class='ocrx_word' id='word_1_255' title='bbox 883 3843 1061 3914; x_wconf 79' lang='lat' dir='ltr'>&amp;eorum</span> <span class='ocrx_word' id='word_1_256' title='bbox 1078 3837 1207 3912; x_wconf 72' lang='lat' dir='ltr'>dustri-</span> 
     </span>
     <span class='ocr_line' id='line_1_34' title="bbox 144 3937 1208 4035; baseline -0.006 -19"><span class='ocrx_word' id='word_1_257' title='bbox 144 3964 221 4018; x_wconf 86' lang='lat' dir='ltr'>nam</span> <span class='ocrx_word' id='word_1_258' title='bbox 244 3941 389 4022; x_wconf 70' lang='lat' dir='ltr'>sceleri,</span> <span class='ocrx_word' id='word_1_259' title='bbox 421 3943 481 4032; x_wconf 88' lang='lat' dir='ltr'>qui</span> <span class='ocrx_word' id='word_1_260' title='bbox 501 3941 610 4035; x_wconf 76' lang='lat' dir='ltr'>&amp;ipsi</span> <span class='ocrx_word' id='word_1_261' title='bbox 628 3939 882 4033; x_wconf 89' lang='lat' dir='ltr'>permanserint</span> <span class='ocrx_word' id='word_1_262' title='bbox 903 3954 1135 4032; x_wconf 88' lang='lat' dir='ltr'>peccatores,</span> <span class='ocrx_word' id='word_1_263' title='bbox 1172 3937 1208 4010; x_wconf 81' lang='lat' dir='ltr'>dt</span> 
     </span>
     <span class='ocr_line' id='line_1_35' title="bbox 145 4038 1208 4133; baseline -0.006 -16"><span class='ocrx_word' id='word_1_264' title='bbox 145 4045 279 4117; x_wconf 89' lang='lat' dir='ltr'>nullum</span> <span class='ocrx_word' id='word_1_265' title='bbox 304 4042 539 4133; x_wconf 83' lang='lat' dir='ltr'>peccantibus</span> <span class='ocrx_word' id='word_1_266' title='bbox 566 4039 762 4114; x_wconf 89' lang='lat' dir='ltr'>remedium</span> <span class='ocrx_word' id='word_1_267' title='bbox 787 4040 981 4130; x_wconf 89' lang='lat' dir='ltr'>providere</span> <span class='ocrx_word' id='word_1_268' title='bbox 1007 4038 1208 4131; x_wconf 75' lang='lat' dir='ltr'>potuerint</span> 
     </span>
     <span class='ocr_line' id='line_1_36' title="bbox 146 4139 1209 4240; baseline -0.005 -26"><span class='ocrx_word' id='word_1_269' title='bbox 146 4147 251 4240; x_wconf 90' lang='lat' dir='ltr'>Quos</span> <span class='ocrx_word' id='word_1_270' title='bbox 275 4142 337 4234; x_wconf 89' lang='lat' dir='ltr'>qui</span> <span class='ocrx_word' id='word_1_271' title='bbox 357 4139 533 4233; x_wconf 86' lang='lat' dir='ltr'>sequitur,</span> <span class='ocrx_word' id='word_1_272' title='bbox 573 4139 695 4213; x_wconf 83' lang='lat' dir='ltr'>haedos</span> <span class='ocrx_word' id='word_1_273' title='bbox 719 4140 863 4228; x_wconf 86' lang='lat' dir='ltr'>utique,</span> <span class='ocrx_word' id='word_1_274' title='bbox 898 4140 956 4230; x_wconf 91' lang='lat' dir='ltr'>qui</span> <span class='ocrx_word' id='word_1_275' title='bbox 974 4151 1209 4230; x_wconf 88' lang='lat' dir='ltr'>peccatorum</span> 
     </span>
     <span class='ocr_line' id='line_1_37' title="bbox 145 4231 1209 4346; baseline -0.008 -29"><span class='ocrx_word' id='word_1_276' title='bbox 145 4243 316 4317; x_wconf 84' lang='lat' dir='ltr'>iudicium</span> <span class='ocrx_word' id='word_1_277' title='bbox 343 4253 490 4333; x_wconf 87' lang='lat' dir='ltr'>teuent,</span> <span class='ocrx_word' id='word_1_278' title='bbox 521 4240 704 4315; x_wconf 92' lang='lat' dir='ltr'>videbitur</span> <span class='ocrx_word' id='word_1_279' title='bbox 720 4237 886 4346; x_wconf 71' lang='lat' dir='ltr'>pascere,</span> <span class='ocrx_word' id='word_1_280' title='bbox 921 4231 1133 4311; x_wconf 90' lang='lat' dir='ltr'>circu&#39;miens</span> <span class='ocrx_word' id='word_1_281' title='bbox 1157 4248 1209 4308; x_wconf 84' lang='lat' dir='ltr'>ta·</span> 
     </span>
    </p>

    <p class='ocr_par' dir='ltr' id='par_1_4' title="bbox 193 4336 1244 4441">
     <span class='ocr_line' id='line_1_38' title="bbox 193 4336 1244 4441; baseline -0.002 -25"><span class='ocrx_word' id='word_1_282' title='bbox 193 4347 344 4441; x_wconf 68' lang='lat' dir='ltr'>origenis</span> <span class='ocrx_word' id='word_1_283' title='bbox 373 4339 464 4416; x_wconf 75' lang='lat' dir='ltr'>Tm.</span> <span class='ocrx_word' id='word_1_284' title='bbox 492 4341 563 4416; x_wconf 58' lang='lat' dir='ltr'>lx,</span> <span class='ocrx_word' id='word_1_285' title='bbox 761 4336 795 4414; x_wconf 92' lang='lat' dir='ltr'>L</span> <span class='ocrx_word' id='word_1_286' title='bbox 1037 4338 1173 4417; x_wconf 84' lang='lat' dir='ltr'>berna·</span> <span class='ocrx_word' id='word_1_287' title='bbox 1240 4419 1244 4432; x_wconf 58' lang='grc'>,</span> 
     </span>
    </p>
   </div>
   <div class='ocr_carea' id='block_1_3' title="bbox 0 0 1384 4859">
    <p class='ocr_par' dir='ltr' id='par_1_5' title="bbox 0 0 1384 4859">
     <span class='ocr_line' id='line_1_39' title="bbox 0 0 1384 4859; baseline 0 0"><span class='ocrx_word' id='word_1_288' title='bbox 0 0 1384 4859; x_wconf 95' lang='lat' dir='ltr'> </span> 
     </span>
    </p>
   </div>
  </div>
 </body>
</html>
