2734 4859
610 685 1884 793 ,INJEREMIA-M.
2219 702 2399 794 769,

230 858 639 934 vexabatur
674 858 765 933 ab
810 857 921 932 his
951 912 978 954 ,
1042 879 1228 955 quos
1260 859 1411 958 ipse
1443 915 1469 955 ,
1537 869 1880 951 quantum
1918 858 1992 931 in
2039 855 2112 932 se
2152 855 2356 955 erat,

223 958 509 1033 sanitati
551 958 978 1035 restituerat.
1046 961 1483 1055 Propterea
1519 979 1714 1033 nunc
1744 957 2030 1053 quidem
2070 959 2201 1033 ait.
2255 959 2357 1034 Ee

170 1063 419 1146 uixi,
470 1084 601 1131 nm
636 1061 910 1157 loquar,
976 1086 1090 1132 mc
1135 1064 1469 1136 nominabo
1504 1081 1732 1132 nomen
1779 1064 2094 1151 Domini]
2158 1080 2359 1134 nunc
2398 1103 2407 1114 ·

224 1177 413 1231 vero
462 1160 771 1252 videm,
839 1158 1017 1233 sein
1042 1162 1388 1253 jndicium
1431 1172 1838 1253 vocatum,
1881 1179 2036 1236 non
2077 1180 2355 1233 vocan-

169 1249 431 1351 '‚tem
496 1258 781 1352 insuper
835 1260 905 1331 &
952 1262 1130 1335 falsis
1166 1260 1571 1376 oppress'um
1611 1257 1954 1343 testibus,
2018 1261 2141 1330 heu
2183 1263 2359 1331 mihi

170 1361 445 1434 ·mater.
550 1356 650 1429 Et
678 1361 1019 1449 quoniam
1043 1364 1293 1457 aegroti
1323 1384 1476 1435 non
1497 1359 1881 1434 audiebant
1899 1356 2124 1453 lpsum
2158 1361 2352 1453 opti-

169 1485 179 1531 ι
210 1480 330 1533 ma
359 1459 708 1532 ferentem
744 1458 1075 1553 confina,
1127 1482 1280 1536 non
1316 1461 1774 1558 profuerunt.
1881 1461 2107 1555 Quod
2135 1461 2353 1533 medi-

170 1562 349 1632 cus
385 1558 645 1630 dixerit
671 1558 760 1631 de
790 1560 1315 1653 intemperante
1365 1559 1700 1653 infirme,
1756 1559 2009 1632 frustra
2043 1561 2348 1633 medica-

205 1670 462 1732 menta
489 1657 829 1731 adhibens
870 1660 936 1732 δι
967 1680 1107 1732 nec
1137 1663 1350 1737 uliam
1377 1662 1764 1734 utilitatem
1799 1660 2155 1754 asserem,
2208 1658 2348 1734 ne'c

169 1733 344 1830 'fibi
385 1758 648 1847 aliquid
696 1762 1095 1849 acquirens,
1215 1764 1499 1854 Etenim
1545 1767 1796 1833 beatus
1847 1759 1970 1833 ille
2022 1758 2352 1856 magister

169 1853 361 1947 est,
416 1859 537 1947 qui
574 1857 661 1929 ad
703 1877 906 1931 aures
950 1860 1502 1958 intelligentium
1530 1860 1895 1952 loquitur,
1946 1857 2215 1933 fruetus
2265 1858 2349 1933 ss-

169 1957 284 2030 nbi
334 1957 582 2030 inillis
633 1957 1101 2034 constituens.
1207 1962 1473 2034 Nullus
1529 1960 1745 2058 igitur
1793 1960 2035 2032 attulit
2082 1961 2350 2032 utilita-

198 2071 406 2151 tem,
459 2059 622 2147 quia
655 2060 891 2131 nullus
934 2061 1128 2152 capit
1169 2061 1576 2136 utilitatem.
1677 2057 2014 2133 Similiter
2052 2062 2170 2150 qui
2214 2060 2347 2131 do·

176 2171 386 2256 cet,
454 2155 843 2247 perfeetior
888 2159 1228 2236 docendo
1284 2158 1423 2260 fit,
1488 2160 1538 2232 fi
1579 2159 2062 2252 perspicaces
2058 2161 2345 2231 habeat

176 2245 653 2350 disemum,
717 2275 1084 2333 accuratas
1148 2261 1254 2333 illi
1325 2213 1828 2354 proponentes
1894 2257 2344 2349 quaestiones,

169 2309 653 2430 'Hebraicus
659 2375 844 2431 vero
886 2373 1127 2434 textus
1163 2359 1258 2434 sic
1301 2362 1570 2436 habet:
1622 2363 1782 2432 Non
1810 2359 2045 2439 debui,
2095 2383 2206 2431 nec
2242 2361 2344 2430 de·

169 2455 354 2527 'buit
395 2460 560 2527 mihi
603 2457 1328 2555 quisquam.A1‘ebat
1369 2462 1559 2534 enim
1594 2457 2042 2553 Apostolus,
2098 2462 2340 2529 Graecis

169 2555 291 2634 ιθ
328 2559 638 2630 Barbaris
673 2559 1103 2652 debitorsum,
1155 2560 1462 2634 reddens
1501 2561 1928 2651 unicuique,
1984 2548 2183 2647 qdod
2220 2559 2343 2633 de-

170 2657 395 2749 ..be‚t
460 2658 529 2730 ἃ
575 2674 658 2729 ιιι
696 2657 836 2732 sese
876 2662 1160 2734 occasio
1212 2663 1515 2751 tulerit,
1583 2661 1953 2733 honorans
1998 2660 2134 2731 hos
2190 2660 2343 2750 qui-

169 2711 395 2874 5’dem
425 2772 508 2829 ut
552 2776 931 2852 parenteS,
985 2761 1126 2834 hos
1156 2777 1239 2836 ut
1273 2761 1575 2842 fratres,
1624 2760 1790 2831 illos
1834 2778 2021 2831 vero
2051 2772 2136 2832 ut
2167 2761 2345 2832 libe·

209 2876 380 2941 1083
435 2856 501 2928 ἀ
533 2857 850 2936 Hebraeis
883 2862 1169 2951 quidem
1205 2882 1296 2934 ex
1336 2860 1695 2953 scripturis
1737 2860 2087 2950 loquens,
2141 2858 2342 2932 Gen·

170 2955 456 3027 tilibus
491 2976 675 3027 vero
707 2978 794 3027 ex
826 2957 955 3047 iis,
1009 2980 1162 3050 quae
1199 2960 1317 3053 ipsi
1349 2962 1730 3052 colebant,
1782 2961 1880 3029 ita
1910 2972 1994 3029 ut
2024 2960 2339 3030 diceret:

169 3054 524 3125 'Omnibus
555 3060 766 3127 omnia
788 3056 1020 3149 fatias
1036 3059 1220 3148 sum,
1254 3076 1329 3131 ut
1349 3084 1558 3130 omnes
1593 3060 1764 3130 lucri
1777 3058 2098 3149 facerem,
2138 3056 2341 3149 quod

169 3158 431 3238 ,etiam
468 3156 802 3228 hortatur
835 3157 1128 3231 dicens:
1192 3158 1466 3233 Nemini
1494 3160 1835 3256 quidquam
1861 3157 2167 3242 debeatis,
2218 3157 2344 3251 nist

170 3272 287 3328 ut
319 3259 592 3326 invicem
624 3257 947 3350 diligatis,
999 3258 1067 3331 ἀ
1088 3259 1285 3350 quod
1312 3276 1480 3331 ante
1511 3260 1824 3351 dixerat,
1879 3259 2116 3329 reddite
2139 3260 2342 3327 omni

206 3358 329 3426 bus
364 3355 588 3427 debita.
693 3355 809 3429 Sic
852 3357 1066 3454 igitur
1098 3360 1317 3433 debet
1354 3358 1746 3455 magister,
1799 3358 2102 3431 debetur
2149 3377 2368 3430 vero.

206 3456 372 3538 illi,
434 3456 483 3530 s1
532 3454 921 3552 spirituales
964 3475 1348 3554 argenteos
1396 3473 1653 3533 mutuo
1701 3458 1849 3531 det.
1951 3458 2101 3551 Qui
2146 3477 2335 3529 vero

205 3557 400 3649 hos,
455 3576 550 3628 ne
580 3556 946 3632 debitores
987 3556 1207 3650 fiant,
1260 3581 1416 3633 non
1458 3558 1874 3650 acceperint
1900 3606 1927 3648 ,
1976 3558 2157 3632 nihil
2196 3555 2335 3630 inis

202 3660 398 3731 ultra
453 3655 780 3733 debetur.
900 3658 1016 3730 Fit
1064 3663 1254 3736 enim
1298 3660 1788 3750 unusquisque
1833 3678 2090 3730 eorum
2139 3655 2341 3729 debi-

200 3772 384 3851 t9r,
449 3778 606 3849 quae
658 3758 1063 3850 audiverit,
1135 3760 1204 3832 &
1258 3762 1640 3874 exiguntur
1695 3757 1780 3829 ab
1836 3777 1931 3830 eo
1981 3754 2336 3831 diciorum

203 3856 455 3932 usurae.
556 3857 724 3931 Huc
772 3859 1087 3956 pertinet
1126 3860 1194 3932 δι
1240 3855 1640 3942 salvatoris
1691 3855 1952 3931 dictum
2003 3857 2097 3930 ad
2149 3859 2337 3929 iner-

206 3971 359 4030 tem
407 3955 805 4052 magistrum
829 4012 856 4051 ‚
933 3960 1131 4051 quod
1192 3985 1393 4033 meum
1434 3969 1765 4053 argentum
1795 3978 2028 4055 ponere
2083 3958 2335 4029 debebas·

201 4057 377 4154 apud
427 4060 883 4131 nummularios
905 4111 931 4149 ,
1007 4060 1088 4135 δ’
1133 4087 1231 4156 ego
1271 4066 1542 4134 veniens
1588 4085 1730 4131 cnm
1787 4059 1980 4149 usura
2019 4054 2335 4153 exegcjffin

200 4158 380 4231 aeui.

370 4273 481 4331 11¹.
548 4259 702 4331 mat
758 4262 1024 4331 Domine
1067 4260 1477 4357 dirigentibus
1528 4262 1678 4334 illis.
1696 4260 1742 4358 J
1816 4258 2014 4358 Quid
2062 4252 2166 4330 est
2210 4253 2330 4348 id,

200 4357 409 4456 quod
475 4350 632 4430 fieri
684 4359 958 4453 optat?
1037 4362 1263 4439 robur
1326 4382 1587 4457 nempe
1620 4412 1668 4455 ,.
1693 4358 1904 4458 quod
1949 4352 2196 4446 deficit
2252 4354 2332 4429 iu

309 4462 604 4555 origenis
647 4460 823 4535 Toni.
867 4463 1004 4540 IX.
1190 4549 1207 4562 .
1423 4457 1497 4535 C
1519 4479 1559 4537 c
1583 4479 1627 4537 c
2070 4475 2254 4529 exe-
