2734 4859
131 182 1238 450 -i-

373 600 836 686 nontlttnu.
1066 629 1140 710 429

131 787 193 871 nt,
217 771 437 849 sermonibus
452 769 669 853 nutriretur,
695 764 919 860 primusque,
945 765 1005 858 qui
1020 779 1066 843 'cit
1079 779 1146 845 ma

131 881 174 950 lia
194 887 290 964 erat,
314 869 541 961 nasceretur,
567 883 608 941 ut
621 865 771 961 postea,
797 865 856 958 qui
871 881 951 948 ,erat
966 887 1011 942 ex
1027 871 1140 945 libert

157 995 222 1074 per
250 970 534 1066 promiffionem,
560 970 596 1040 in
627 970 744 1040 lucem
776 966 960 1068 reniret.--
977 965 1138 1063 sinuo,

131 1069 174 1148 riti
191 1075 251 1147 sibi
267 1073 382 1162 velit,
403 1066 618 1142 intelletium
635 1065 771 1156 fuerit,
805 1066 929 1155 utique
949 1066 1071 1157 potest
1081 1068 1141 1160 'irt-

130 1173 226 1270 iligi,
253 1171 460 1263 preputium
477 1167 595 1239 cordis
607 1169 698 1260 ¹nnt'e
718 1161 1140 1242 circumcisionemfuiss'e

131 1284 317 1368 ognatum.
370 1266 471 1360 Opus
487 1286 574 1362 ergo
591 1267 696 1338 nobis
713 1264 763 1336 est
776 1266 935 1346 ratione,
961 1279 1037 1357 que
1052 1266 1141 1364 dog·

131 1387 186 1445 ata
210 1370 408 1464 expurget,
435 1368 468 1440 dr
490 1367 627 1441 auferet
644 1366 785 1456 omnia,
811 1381 888 1454 quae
907 1363 944 1464 in
966 1366 1072 1439 nobis
1093 1383 1140 1441 ex

131 1472 182 1545 {tis
195 1469 429 1560 opinionibus
448 1464 685 1540 innascuntur.
739 1463 823 1538 Hoc
838 1462 945 1556 igitur
957 1459 1141 1560 est,2ptm·

131 1571 229 1644 nium
251 1567 369 1640 cordis
393 1565 505 1640 nostri
528 1566 722 1658 deponere.
782 1561 952 1655 ln'corde
968 1565 1061 1637 enim
1077 1583 1141 1658 pu·

131 1689 230 1760 mus,
255 1666 403 1738 rationis
423 1666 582 1739 humtnae
603 1663 720 1736 sedern
742 1659 839 1753 effe,
864 1661 925 1733 ubi
942 1660 1143 1760 inteuigeu-
1211 1679 1216 1696 “

131 1766 228 1853 rest,
254 1766 349 1839 unde
370 1785 490 1858 prave
511 1777 645 1837 exeunt
666 1761 917 1860 cogitationes.
970 1763 1042 1862 Qui
1063 1783 1142 1856 pru

131 1889 157 1940 ts
176 1865 291 1940 aufert
313 1864 579 1959 cogitationes,
605 1865 634 1936 is
649 1864 858 1956 pt'ae'putium
870 1859 998 1932 ‚cortis
1012 1862 1140 1940 aufert

132 1967 167 2038 ui
199 1964 316 2038 falsam
339 1964 490 2056 deponit
513 1964 750 2056 opinionem,
788 1959 1141 2052 preputium-cordio
1220 2019 1223 2028 ,

132 2067 144 2136 i
165 2064 407 2154 circumcidit,
440 2059 552 2153 fitque
568 2064 626 2135 vir
643 2061 758 2157 Jude,
789 2059 825 2131 dt
843 2059 1141 2156 habitatorJenr·

131 2167 196 2235 iern
221 2182 310 2253 pure
332 2159 566 2238 circumcisus.
626 2162 662 2232 si
691 2163 904 2254 quis-autem
931 2161 1142 2252 preputium

131 2261 215 2333 ndis
238 2259 289 2332 sui
312 2281 385 2332 non
407 2259 639 2353 deposuerit,
665 2259 874 2351 videamus,
901 2258 984 2350 quid
1001 2259 1143 2342 iili-ser·

131 2383 155 2434 o
184 2361 445 2434 comminetur:
478 2362 705 2457 linquendo,
731 2360 875 2452 inquit,
908 2361 1168 2452 egrediamn

131 2469 175 2529 nis
192 2463 469 2553 indignationum,
493 2461 755 2549 &succendam
780 2460 819 2534 U
832 2481 897 2529 nrm
915 2465 996 2546 erit,
1020 2467 1076 2558 qrn'
1088 2483 1144 2534 ex·

131 2576 232 2654 rigeat.
283 2558 474 2654 Egreditur
495 2561 643 2654 itaque,
674 2562 779 2634 velut
802 2559 920 2654 ignis,
944 2559 1142 2658 indignatio

132 2662 241 2732 ornini
260 2659 530 2751 adversuseos,
559 2661 617 2752 qui
637 2658 815 2734 Deonon
832 2657 912 2731 sunt'
929 2658 1142 2756 circumcisi,
1271 2655 1274 2665 '

131 2757 259 2832 tversus
284 2779 376 2849 eos,
405 2759 465 2850 qui
486 2757 694 2852 preputium
717 2759 837 2833 cordis
861 2755 912 2830 sui
933 2777 1009 2832 non
1033 2762 1145 2857 depo·

132 2873 258 2950 erunt,
284 2857 318 2928 tc
339 2877 412 2928 non
429 2856 516 2942 erit,
543 2859 602 2949 qui
625 2860 847 2954 extinguite
867 2857 1143 2934 faciendinven·

131 2979 233 3030 >num
264 2954 431 3047 ipsorum.
456 3029 459 3034 ,
480 2956 574 3052 Ignis
597 2956 661 3030 iste
681 2959 862 3033 materiam
886 2955 995 3029 habet
1020 2959 1143 3051 nequi·

131 3079 178 3127 nn
202 3056 495 3128 adinventionum
520 3055 686 3149 ipsorum.
736 3056 810 3130 Ubi
825 3073 900 3128 non
918 3053 969 3128 est
984 3061 1143 3146 nequitie

131 3154 416 3245 tinventionum,
458 3176 533 3227 non
558 3155 667 3234 hubet
688 3155 777 3248 ignis
800 3153 899 3249 quod
926 3155 1164 3248 duptstatur.¹

131 3274 210 3327 urro
235 3255 416 3344 materiam
444 3253 540 3326 istius
565 3255 654 3350 ignis
676 3253 745 3327 elie
762 3255 953 3348 nequitiam
975 3249 1162 3336 adinven?

131 3374 252 3443 onem,
278 3353 359 3424 audi
377 3349 593 3447 Prophetarn
612 3353 811 3428 dicentem:
839 3356 887 3426 Et
905 3362 1062 3445 mnerit,
1086 3349 1144 3458 gui
1273 3349 1285 3382 ²

132 3462 260 3547 tingunt
281 3479 299 3521 a
313 3452 403 3543 {acie
425 3455 855 3552 neguitiaendintimtionm
870 3453 1062 3550 vestrarum:
1080 3477 1149 3532 ow

131 3545 245 3624 intiote
271 3557 309 3621 in
340 3555 460 3647 Juda,
496 3561 535 3629 U
556 3557 594 3626 in
614 3550 797 3651 Jerusalem
815 3556 967 3630 audiatur
982 3578 1002 3627 t·
1029 3558 1144 3646 dicire,
1219 3627 1225 3640 ,

131 3659 312 3740 muntiare,
328 3653 502 3749 significate
519 3655 595 3724 tuba
602 3655 697 3749 super
718 3671 851 3744 terram,
878 3655 917 3730 U
933 3655 1063 3730 ciarum
1079 3658 1147 3744 ior-

131 3770 183 3824 rer.
234 3751 343 3842 Haec,
369 3752 505 3844 inquit,
532 3772 608 3842 quae
625 3753 830 3827 annuntiata
848 3753 952 3848 sunt,
979 3758 1094 3832 dicite·
1104 3761 1144 3834 in

131 3852 204 3939 ida,
228 3852 294 3940 iis,
320 3852 379 3942 qui
404 3850 449 3923 de
472 3853 567 3923 tribu
591 3851 701 3948 Juda,
735 3850 815 3926 sunt
839 3852 976 3930 Christi.
1001 3895 1005 3904 ·
1026 3859 1145 3932 Mant-

131 3949 335 4118 stumffenim
352 3947 429 4045 est,
454 3947 678 4026 Salvatorem
701 3950 860 4028 nostrum
882 3975 904 4028 e
926 3955 1018 4051 Juda
1038 3975 1144 4032 exor-

131 4069 208 4123 me
239 4070 270 4122 e.

173 4151 228 4220 16.
257 4149 284 4216 S
285 4148 440 4238 ignificate
459 4150 533 4219 tuba
543 4148 634 4246 super
650 4163 780 4229 terrm,
827 4147 954 4228 Sermo
972 4153 1142 4249 sublimis,

131 4249 253 4326 :citant
263 4244 461 4332 auditorem
474 4267 674 4349 preparent
686 4246 797 4352 ipsum
813 4251 857 4331 td
871 4253 1143 4433 beuumffin
1276 4287 1279 4296 ·

855 4407 859 4414 .
962 4373 1002 4458 -ἳ
