2734 4859
488 614 737 728 arsen
785 615 831 699 11.
988 559 1036 598 ”
1135 651 1206 730 1„

132 783 265 861 dicitnr
279 780 364 876 ille,
398 781 461 876 qui
475 782 592 858 nimiis
609 741 1024 875 &superabundantibus
1039 794 1204 884 peccatis
1255 852 1260 861 ,

134 884 330 962 infuscatus
349 879 421 977 est,
446 883 481 958 dr
501 895 582 956 atro
601 883 744 956 malitiae
767 881 860 958 fuco·
879 885 1031 962 infedus
1048 892 1149 987 niger
1166 893 1204 967 dr

136 981 384 1061 tenebricosos
401 979 461 1057 est
481 980 661 1058 redditus:
700 979 735 1054 dr
759 995 879 1058 tamen
900 1006 947 1060 ne
966 987 1035 1062 hos
1058 991 1203 1081 quidem

87 1137 89 1142 ·
138 1086 281 1179 repellit
301 1083 508 1174 Dominus,
541 1080 601 1156 sed
622 1101 770 1161 omnes,
803 1084 861 1175 qui
881 1083 1051 1161 sacrificia
1067 1092 1203 1165 contri·

87 1153 93 1278 i
139 1186 246 1262 boleti
277 1182 442 1278 spiritus,
480 1181 729 1258 &humilitati
758 1184 878 1256 cordis
905 1184 1068 1261 offerunt
1090 1188 1201 1286 Deo,

89 1283 93 1334 ἵ
142 1284 365 1360 conleffionis
383 1281 518 1356 scilicet
537 1303 580 1356 ac
599 1281 940 1376 poenitentiaetitulo
956 1286 1094 1362 adeum
1112 1309 1205 1363 eon·

91 1383 95 1456 ζ
145 1385 251 1478 veri,
276 1404 355 1459 non
367 1383 590 1478 repelluntur
609 1381 652 1455 ab
670 1402 729 1458 eo.
779 1379 838 1456 Sic
853 1385 946 1459 enim
959 1383 1132 1478 pacificus
1151 1388 1203 1462 di·

91 1483 104 1560 Ι.
145 1486 188 1558 cit
204 1483 387 1560 Dominus
408 1481 551 1557 noster}
578 1481 643 1577 Ego
664 1486 849 1556 uenientem
871 1486 912 1554 ad
933 1507 1062 1557 menon
1080 1490 1202 1586 repeda.

92 1583 96 1706 t
144 1580 531 1760 inlinunt
553 1579 968 1758 iniussa
983 1585 1201 1761 tillir

92 1753 96 1868 j
145 1801 214 1878 um,
239 1780 372 1859 hoffias
392 1703 621 1876 deierenies,
647 1732 729 1875 itui,
754 1779 984 1876 posteaquam
997 1708 1200 1860 intraverit

91 1875 96 1968 ἔ
143 1885 250 1958 omnis
264 1882 457 1978 plenitudo
474 1883 646 1978 gentium,
674 1902 752 1974 quae
766 1879 970 1956 fluminibus
981 1883 1199 1977 AEthiopum

142 1996 384 2078 comparatur,
410 1983 563 2055 venient
577 1983 682 2056 etiam
696 1979 771 2076 ipsr,
798 1982 938 2056 &tunc
956 1985 1072 2057 omnis
1092 1981 1199 2060 lsrael

141 2079 348 2159 iuvenitur:
372 2080 408 2155 dr
422 2101 493 2175 pro
508 2103 555 2156 eo
570 2083 664 2154 ultra
680 2080 826 2155 flumine
847 2079 1063 2176 AEthiopum
1078 2082 1199 2159 dican·

87 2195 92 2284 ζ
140 2195 206 2276 tur,
232 2181 327 2277 quali
345 2181 406 2276 qui
416 2181 609 2256 ulteriores
623 2179 658 2255 n
670 2180 890 2275 posteriores
910 2181 978 2256 ssnt
993 2181 1047 2257 his
1062 2182 1197 2277 spatiis,

138 2283 316 2376 inquibus
341 2281 454 2354 currit
475 2279 723 2355 &inundatur
744 2282 902 2377 gentium
927 2280 1027 2357 salus.
1078 2277 1201 2359 Erite

137 2379 231 2458 iorte
257 2381 434 2476 compleri
457 2379 603 2454 videtur
623 2380 719 2475 hoc,
741 2381 839 2473 quod
861 2381 969 2476 dicit,
997 2382 1078 2477 quia
1094 2388 1130 2455 in
1150 2383 1202 2456 die

85 2537 87 2548 .
136 2485 185 2554 lla
199 2507 269 2555 nen
284 2481 500 2577 confundaris,
522 2481 638 2555 omnis
654 2478 773 2575 lsrael,
784 2506 823 2552 ex
837 2484 981 2554 omnibus
996 2486 1202 2555 adinventio·

137 2584 228 2655 nibus
250 2588 339 2672 ruis,
374 2585 412 2652 iu
435 2583 548 2680 quibus
568 2587 662 2677 impie
679 2580 763 2675 egilii
778 2585 816 2651 in
831 2605 888 2654 me.
939 2581 1126 2675 Superest,
1147 2596 1202 2662 ,ut
1245 2577 1250 2592 “

135 2683 217 2757 illud
239 2680 505 2773 testimonium,
541 2681 639 2774 quod
665 2680 710 2754 de
736 2680 917 2754 Hieremia
939 2680 1199 2776 aliumpirmus,

136 2785 352 2877 explicetur,
376 2780 439 2854 ubi
453 2780 692 2854 Abdimelech
709 2779 941 2855 nihilominus
957 2778 1199 2875 AEthiopsvir

135 2883 334 2974 eunuchus,
360 2901 442 2953 cum
458 2878 616 2966 audillet,
642 2881 724 2972 quia
739 2879 935 2955 Hieremias
947 2882 984 2953 in
992 2882 1109 2956 lacum
1121 2880 1202 2955 mii-

135 2979 184 3055 sus
212 2979 266 3055 est
290 3002 310 3054 a
330 2979 550 3075 principibus
569 2980 718 3074 populi,
752 2980 874 3053 educit
900 3000 981 3054 eum
1004 2980 1097 3054 inde.
1148 2977 1199 3054 Et

134 3097 249 3175 puto,
279 3080 544 3154 inconveniens
564 3100 640 3153 non
665 3079 802 3171 uideri,
833 3079 1058 3173 ideamus,
1090 3099 1199 3173 quern

136 3183 313 3274 principes
335 3177 438 3254 lsrael
454 3180 811 3271 condemnaverunt,
837 3179 872 3251 &
887 3181 923 3252 in
936 3181 1052 3254 lacum
1069 3180 1197 3255 mortis

136 3280 318 3373 miserunt,
345 3277 408 3353 iste
419 3280 615 3375 alienigena
630 3278 664 3351 dr
678 3277 960 3375 obscuraegentis
972 3279 1199 3353 homodtde·

136 3381 296 3476 generis,
322 3378 358 3451 id
377 3379 449 3468 eli,
475 3379 631 3472 populus
648 3379 830 3475 gentium,
855 3377 978 3451 educit
992 3400 1071 3452 eum
1091 3379 1134 3451 de
1149 3380 1198 3452 la·

137 3499 176 3552 cu
189 3481 343 3573 mortis,
368 3475 661 3552 resurrectionem
678 3477 814 3550 scilicet
830 3480 905 3570 ejus
923 3480 1108 3552 amortuis
1123 3497 1199 3552 cre·

138 3579 240 3675 dens,
276 3575 397 3652 &lide
415 3576 472 3651 lua
488 3579 604 3671 hunc,
631 3599 737 3668 quem
752 3578 802 3649 illi
824 3580 860 3650 in
875 3591 1030 3652 mortem
1044 3578 1199 3652 tradide-

136 3693 231 3773 rant,
257 3677 325 3753 iste
343 3677 388 3752 de
405 3677 552 3752 infernis
571 3692 727 3751 revocat
745 3697 787 3750 ac
803 3677 956 3753 reducit.
1007 3677 1077 3751 Sed
1091 3677 1124 3750 dt
1138 3699 1200 3752 eu·

136 3781 270 3854 nuchus
286 3777 348 3852 hic
360 3774 532 3872 AEthiops
549 3775 618 3851 elie
631 3779 777 3868 dicitur,
804 3779 928 3859 credo,
956 3777 1055 3873 quod
1072 3776 1198 3852 castra·

136 3881 227 3953 verit
249 3875 473 3973 semetipsum
501 3892 653 3973 propter
677 3898 826 3975 regnum
852 3877 945 3970 Dei,
983 3879 1045 3951 vel
1068 3881 1197 3971 etlam,

136 3979 229 4073 quod
248 3976 369 4053 semen
388 3979 529 4051 malitiae
549 3979 586 4051 in
610 3975 798 4072 semetipso
819 3997 896 4050 non
919 3978 1058 4053 habeat.
1116 3976 1198 4074 Ser·

135 4099 198 4152 uus
225 4098 376 4172 quoque
402 4076 454 4150 eli
476 4079 591 4173 regis,
634 4079 716 4169 quia
740 4075 862 4152 servus
889 4074 1025 4169 sapiens
1046 4078 1198 4170 imperat

133 4177 242 4252 stultis
269 4177 453 4252 Dominis.
523 4175 784 4269 interpretatur
813 4188 930 4248 autem
959 4177 1199 4253 Abdimelech

132 4275 249 4353 servus
271 4298 410 4377 regum.
463 4273 511 4350 Et
530 4276 616 4364 ideo
631 4276 833 4373 Dominus,
858 4275 1066 4376 relinquens
1084 4297 1205 4374 popu·
1232 4335 1246 4352 t

616 4373 642 4446 Ι
657 4397 685 4478 4
1085 4384 1171 4465 lum
