2734 4859
141 182 1236 422 -i-

293 637 309 660 ‘
366 633 376 674 ·'·
432 628 805 711 Hostum
851 629 947 714 ΧΗ.
1061 689 1065 698 -
1154 657 1226 733 535

154 814 247 871 cum·
258 793 428 889 audium,
452 816 530 870 non
546 796 694 870 occulte
712 794 871 873 eudiunt.
926 793 1023 896 Quid
1038 792 1223 892 estinque

153 896 308 972 occulte
325 893 475 971 audire?
500 895 645 990 Nempe
660 893 766 970 illud:
789 899 852 970 Sed
864 894 1221 996 bpnnersaplentln

159 997 227 1068 De·
240 1002 278 1067 in
296 995 436 1094 mysterio
454 996 764 1167 dsconsomtkquam
778 996 1015 1094 pradeflt‘navlt
1029 999 1121 1070 Deus
1138 1015 1219 1074 onte

152 1095 267 1186 [acels
280 1099 461 1190 ingloriam
474 1119 515 1168 no
541 1121 618 1172 rom.
686 1094 850 1173 trursutn
865 1095 946 1186 alibi
961 1095 1112 1192 dicitur,
1134 1098 1217 1191 quia

151 1199 253 1294 pluro
266 1218 390 1292 operum
411 1199 477 1270 Du·
484 1198 569 1288 sum
584 1201 622 1268 in
633 1189 801 1294 alscaqln'
825 1197 863 1271 si
876 1196 984 1270 audio
999 1198 1135 1296 legem,
1152 1211 1217 1277 sut

148 1297 306 1370 occulte
326 1295 464 1392 audio,
489 1311 551 1370 eut
570 1297 824 1372 non'occulte.
874 1295 1043 1392 Judaeus,
1068 1299 1149 1390 quia
1164 1300 1216 1374 le·

151 1416 235 1492 gem
255 1417 331 1470 non
351 1396 450 1470 audit
471 1397 642 1491 occulte,
666 1395 705 1470 in
719 1393 1213 1494 manifestocircumciditur,

147 1491 314 1570 nesciens
337 1517 442 1587 eum,
475 1497 535 1590 qui
556 1495 803 1572 in·menifesto
826 1497 1116 1590 circumciditur,
1150 1492 1214 1594 Ju-

151 1594 270 1668 daeutn
285 1615 362 1671 non
383 1591 474 1687 elie,
505 1617 623 1688 neque
642 1615 747 1690 eam,
778 1617 856 1686 que
880 1596 917 1672 in
934 1599 1049 1693 pelam
1074 1593 1146 1691 est,
1172 1598 1213 1673 in

152 1714 264 1768 cerne
287 1694 602 1772 circumcilionem.
664 1696 738 1813 Qui
761 1696 905 1770 auditor
931 1695 982 1771 est
1002 1710 1121 1771 eutem
1145 1697 1212 1769 cir·

152 1793 379 1888 cumcillonis
403 1798 579 1878 occulte,
611 1792 647 1867 dt
676 1816 715 1869 sn
747 1797 898 1870 occulto
932 1795 1210 1877 circumciditur.

151 1891 228 1992 Qui
243 1895 350 1970 ¹audit
371 1895 487 1992 legem
506 1895 653 1970 occulte
674 1894 721 1970 de
743 1894 917 1989 mysteriis
935 1892 1099 1989 Pascite,
1131 1917 1210 1972 ove

152 1991 314 2068 uescitur
337 1993 479 2068 Christo
488 2018 506 2083 -3
540 1995 658 2085 Pescla
680 2000 795 2092 quippe
810 1995 949 2093 mflrum
969 1996 1151 2068 immolatus
1167 1995 1210 2095 qd

153 2092 324 2190 cqulmq
348 2093 481 2186 sciens,
506 2114 650 2170 carnem
666 2096 768 2169 verbi
783 2093 855 2170 Dei
872 2115 962 2172 vere
978 2095 1098 2170 cibum
1116 2091 1200 2180 elie,

150 2191 311 2266 uescitur
325 2212 390 2267 ees
421 2198 568 2282 occulte
587 2196 720 2290 quippe
735 2195 782 2270 de
799 2193 929 2270 Pascha
951 2193 1099 2272 audivit
1150 2191 1207 2270 At

148 2310 245 2366 vero
267 2289 470 2367 miserabilis
495 2293 662 2389 judeus,
701 2294 839 2369 idcirco
863 2293 1063 2368 Dominum
1087 2292 1207 2389 Jesum

146 2390 356 2486 interfecit,
382 2390 591 2485 &usquein
609 2393 815 2490 presentem
833 2395 926 2470 diem
942 2415 1024 2468 reus
1042 2391 1094 2467 est
1109 2413 1205 2468 mor·

145 2494 194 2564 tis
215 2491 318 2585 ejus,
344 2493 521 2584 quianon
541 2495 680 2568 audivit
697 2496 844 2569 occulte
859 2495 975 2590 legem
996 2491 1205 2588 &prophe-

145 2603 214 2664 tes.
261 2588 297 2664 Si
317 2590 462 2682 quando
483 2592 578 2690 leges
601 2593 648 2668 de
670 2598 828 2687 azymis,
861 2606 969 2687 potes
994 2591 1117 2666 audire
1141 2611 1204 2665 oc·

145 2692 265 2784 culte,
290 2706 398 2784 potes
411 2689 533 2766 audire
546 2693 741 2772 manifeste.
791 2694 1020 2792 Quicumque
1033 2691 1079 2764 de
1093 2693 1203 2766 vobis

145 2787 286 2886 (prope
312 2791 444 2886 quippe
463 2787 516 2865 est
534 2790 692 2891 Pascha)
713 2813 839 2885 azyme
863 2791 1130 2880 celebraverit,
1166 2790 1204 2863 id

141 2885 225 2980 est,
260 2889 384 2983 az'yma
404 2890 481 2965 haee
500 2911 684 2988 corpore,
711 2914 788 2969 non
811 2892 951 2968 audivit
974 2889 1201 2976 mandatum,

142 2989 296 3063 dicens:
333 2986 409 3082 Nifi
432 2992 603 3064 audieritis
622 2990 765 3086 occulte,
794 2992 935 3092 plorabit
956 2993 1065 3064 anima
1086 2987 1201 3086 uestro.
1254 2995 1256 3006 '

142 3086 195 3162 Et
207 3088 406 3164 desabbeto
422 3091 580 3182 quedam
594 3091 809 3168 muliercule
824 3111 900 3164 non
916 3088 1099 3163 audientes
1115 3106 1200 3179 pro·

141 3191 307 3283 phetam,
330 3210 406 3264 non
424 3192 573 3267 audiunt
590 3193 761 3284 occulte,
788 3190 846 3265 sed
866 3194 980 3286 palam
1001 3189 1060 3261 die
1081 3184 1200 3260 sabbe·

141 3303 207 3379 to,
233 3287 460 3383 lavantesse,
487 3290 663 3366 &iterum
677 3306 906 3364 revertentes
921 3289 964 3362 ad
979 3286 1199 3384 egena&in·

141 3385 247 3463 firma'
259 3390 464 3483 elemente,
490 3389 581 3483 quest
598 3392 761 3465 nondum
780 3387 1002 3463 descenderit
1019 3383 1197 3478 Christus,

141 3491 176 3563 dt
194 3509 264 3562 nos
280 3487 453 3584 baptismo
468 3488 531 3563 suo
547 3492 679 3566 laverit
693 3511 713 3562 a
726 3489 896 3587 legalibus
913 3486 1022 3561 initiis
1035 3487 1071 3557 in
1088 3503 1197 3557 evan-

141 3589 289 3683 gelicam
321 3587 590 3682 perfectionem.
637 3591 777 3663 ldcirco
803 3588 1005 3685 diligentius
1038 3584 1197 3658 attende·
1261 3587 1264 3594 '

141 3707 240 3778 mus,
262 3688 287 3762 st
307 3688 450 3780 quando
467 3691 581 3784 legem
597 3692 763 3788 legimus,
789 3687 1057 3782 &prophetem
1081 3704 1128 3758 ne
1144 3685 1195 3756 in·

141 3784 294 3860 cidemus
316 3789 353 3862 in
376 3789 683 3883 malediffionem,
719 3810 795 3881 que
813 3807 909 3863 nunc
932 3786 1087 3860 dicitur:
1121 3784 1196 3880 Nlfi

141 3886 308 3960 audieritis
323 3892 461 3982 occulte,
484 3889 620 3984 ploratis
636 3895 746 3966 anim
762 3887 866 3985 vestre
886 3913 906 3958 ι
917 3885 1020 3980 facite
1039 3900 1195 3954 coutume-

141 3988 201 4057 liae.
254 3988 481 4087 Quicumque
502 3988 674 4082 Jejunium
701 3987 936 4082 Judaeorum,
973 3983 1067 4077 quest
1093 3982 1195 4079 igno·

141 4099 258 4158 rantes
274 4085 530 4181 redemptionis
546 4087 639 4163 diem
657 4085 740 4182 post
756 4087 951 4164 adventum
967 4083 1051 4180 Jesu
1065 4079 1194 4154 Christi

141 4186 360 4279 observatis,
390 4207 468 4261 non
490 4186 618 4262 auditis
636 4186 922 4282 redemptionem
941 4181 1109 4270 occulte,
1134 4176 1194 4253 sed
1223 4229 1228 4262 .

141 4287 391 4366 tantummodo
411 4289 538 4382 pelam.
595 4284 778 4366 Absconle
797 4285 930 4382 quippe
950 4278 1001 4358 est
1024 4276 1195 4393 psopitie·

613 4387 723 4481 qu
1042 4391 1169 4454 tionis
1243 4471 1268 4492 ·
