2734 4859
377 565 831 644 -HOMILIA
880 566 959 648 1..
1139 590 1210 669 291

139 727 304 806 vitietur
350 726 386 803 Si
397 727 702 824 stabantvoiare
711 731 979 828 nonpoterant
1028 727 1212 826 Scriptum

139 851 239 904 vero
261 828 327 903 est·
353 833 522 925 Seraphim
546 835 604 902 duo
617 835 774 930 flabant
762 859 800 902 m
813 842 950 910 circuitu
970 834 1055 929 ejus,
1074 835 1132 923 sex
1149 837 1210 906 ala

141 939 208 1003 uni
225 935 265 1006 σ
283 931 339 1020 sex
355 932 412 1001 oia
428 934 541 1003 alteri:
577 932 615 1007 (5
632 934 712 1003 itai
713 960 748 1001 m
765 937 886 1030 quidem
903 937 1058 1004 velabant
1050 936 1208 1030 facien,

143 1029 183 1108 U
203 1032 324 1102 duabus
344 1055 384 1100 ve
383 1032 498 1100 iatam
510 1036 617 1128 pedes,
643 1043 680 1108 U
703 1037 818 1103 duabus
839 1035 1008 1116 nolebant,
1033 1032 1073 1110 (5
1090 1035 1210 1108 clama·

142 1129 221 1202 iant
234 1134 319 1202 aiter
331 1135 543 1207 aduiteram
579 1134 717 1205 Verum
734 1136 808 1206 iraec
825 1135 1023 1227 Seraphim,
1051 1153 1128 1226 qttae
1141 1135 1209 1208 cir·

142 1229 440 1321 eaDeurniunt,
468 1234 1017 1327 quaeioiacognitionedicunt:
1044 1233 1208 1330 Saniius,

143 1329 302 1418 Sentius,
328 1329 481 1416 Sentius,
508 1332 1210 1452 propternocservantmysteriumTri·

142 1431 290 1521 nitatis,
322 1431 404 1521 quia
427 1430 556 1523 &ipsa
580 1431 657 1505 i'unt
671 1431 794 1509 santia.
844 1434 910 1507 His
929 1436 1022 1506 enim
1040 1435 1076 1506 in
1094 1436 1210 1507 omni

142 1531 234 1619 bus,
261 1530 457 1622 quaesunt
486 1531 632 1605 iantirus
648 1535 734 1605 nrirrl
750 1533 810 1607 est
863 1532 1000 1605 Ftnon
1017 1533 1209 1607 leviterdt

142 1647 234 1703 cunt
259 1633 351 1704 aiter
372 1632 416 1703 ad
440 1633 610 1704 aiterum:
659 1633 820 1721 Sintiis,
853 1633 1010 1718 iareim,
1043 1632 1209 1722 Saniittsa

141 1727 203 1804 sed
216 1727 403 1804 salutarem
424 1733 590 1804 omnibus
606 1732 858 1807 confeffionem
874 1735 1033 1806 cianrore
1048 1753 1211 1828 pronun

142 1831 251 1905 ciant.
304 1833 396 1931 Qua
410 1827 490 1904 sunt
503 1830 565 1903 ista
582 1831 654 1904 dtto
672 1830 880 1926 Seraphim?
891 1833 1087 1912 ,Doni-inus
1107 1853 1210 1908 inette

142 1928 244 2026 Jei'us
267 1929 302 2002 oz
324 1932 475 2023 Spiritus
496 1930 643 2005 santius.
696 1933 777 2005 Nec
795 1949 899 2023 nutes
914 1932 1105 2006 Trinitatis
1122 1931 1210 2010 diffi

142 2027 440 2122 retenturam,
473 2030 496 2102 fi
520 2035 703 2106 nominum
724 2030 908 2105 servantur
928 2029 1055 2108 officia.
1109 2031 1212 2125 ope-

140 2130 287 2203 riebant
310 2130 436 2203 faciem
458 2129 541 2206 Dei.
597 2129 792 2204 Exordium
820 2134 914 2204 enirn
945 2132 1014 2204 Dei
1041 2133 1210 2225 ignotum

143 2227 207 2304 eit
259 2227 928 2322 Sedopedes.N0v1nmumemm
955 2230 1214 2324 quodinDeo'

142 2326 270 2404 nostro
291 2326 362 2420 est,
395 2351 472 2402 non
494 2333 822 2422 comprehenditur
873 2333 959 2406 Sola
979 2352 1083 2408 eninr
1092 2331 1213 2406 media

142 2429 328 2503 videntur.
381 2427 480 2502 Ante
501 2429 587 2517 ista,
622 2452 699 2522 quae
721 2432 877 2527 fuerint,
909 2427 1048 2505 nescio:
1081 2452 1128 2503 ex
1142 2451 1213 2526 naa

143 2529 349 2620 quaesunt,
382 2530 547 2626 intelligo
575 2530 707 2606 Deum.
773 2530 857 2605 Post
886 2531 970 2623 ista,
1006 2551 1085 2624 que
1112 2529 1214 2603 futu·'

141 2649 183 2700 ra
222 2626 328 2722 sunt,
363 2629 467 2720 juxta
499 2631 596 2721 quod
625 2629 744 2702 futura
769 2628 875 2723 sunt,
921 2629 1055 2706 nescio.
1121 2634 1212 2723 Quis

137 2734 375 2826 pronunciavit
414 2725 483 2802 eii
528 2729 633 2802 Dixit
669 2730 905 2805 ilccleirastes.
983 2733 1212 2805 Annuntiate

142 2829 231 2902 mihi
263 2831 384 2921 priora
416 2828 449 2900 ἃ
478 2829 690 2920 novitiora,
728 2843 968 2923 quaerunt,
1009 2820 1211 2924 Micam,

145 2929 315 3019 quoniam
347 2928 405 2999 Dii
434 2927 525 3002 estis.
587 2929 682 3000 Hinc
712 2930 744 3000 it
775 2929 872 3002 isaias
903 2932 969 3002 ait:
1014 2933 1126 3002 Priora
1148 2953 1214 3000 an-

141 3033 294 3098 nunciate
316 3031 423 3113 nobis,
460 3029 499 3104 (5
522 3049 734 3123 ponemuscor
751 3030 911 3125 ransitum,
955 3032 993 3107 θ
1011 3031 1145 3120 sciemus
1172 3029 1215 3106 0¹

142 3135 226 3198 novi
249 3152 447 3212 amatorum,
474 3154 541 3224 qua
556 3148 696 3199 ventura
711 3129 801 3216 sunt,
826 3134 964 3201 indicare
977 3133 1075 3205 nobis.
1128 3132 1215 3223 Qu

142 3245 285 3298 ventura
302 3230 397 3314 suni,
426 3229 627 3320 infuturum
643 3234 809 3321 nunciare,
835 3234 873 3305 U
895 3234 1037 3314 dicemus,
1063 3237 1215 3321 quartiano

146 3331 210 3399 Dii
231 3328 314 3423 eflis.
365 3327 396 3398 F
399 3350 421 3398 rt
439 3350 511 3418 quo
529 3329 550 3399 st
569 3332 645 3418 quis
672 3328 802 3400 dixerit
823 3332 1021 3422 preterita,
1058 3327 1213 3420 &pote-

144 3429 193 3499 rit
214 3428 341 3500 noviti
344 3450 400 3500 nra
418 3427 557 3500 dicere:
598 3427 697 3498 Deus
714 3427 779 3502 est.
818 3431 895 3522 quis
913 3449 1000 3524 ergo
1020 3425 1142 3521 potest
1162 3428 1216 3501 di·

145 3548 231 3600 cere
258 3544 388 3621 praeier
411 3527 617 3621 Seraphim,
655 3527 815 3614 Sa‚ntius
850 3529 1009 3615 Sentius,
1046 3522 1214 3599 Saniiur?

144 3626 329 3718 Seraphim
353 3640 470 3701 autem
498 3626 730 3699 nudaverunt
754 3629 928 3718 quantiam
953 3644 1090 3719 partem
1116 3626 1214 3710 Dei,

145 3740 187 3797 nt
204 3727 254 3798 it'a
270 3727 397 3810 dicam,
422 3727 648 3799 medietatem
666 3728 757 3818 ejus,
787 3728 818 3799 ἃ
844 3730 1044 3802 clamabant
1062 3727 1156 3800 aliud
1170 3727 1221 3800 ati

146 3828 243 3901 aliud
268 3826 452 3900 aifistentia
479 3826 582 3897 Deo:
612 3840 720 3915 atque
737 3827 913 3920 dicentia,
941 3827 1100 3913 Saniins,
1127 3829 1215 3896 San·

144 3923 237 4011 tius,
272 3927 426 4000 Saniiut
478 3929 582 3996 Stant
601 3927 708 4019 igitur
730 3925 999 4007 &noventur,
1024 3927 1117 4000 stant
1131 3945 1215 4001 curn

145 4024 248 4116 Deo,
270 4025 893 4104 moventurdemonstrantiaDeutn.
933 4025 1215 4126 inteiligeenitn,

146 4126 228 4216 quia
253 4128 378 4196 velant
396 4126 547 4216 faciem,
586 4128 713 4197 velant
733 4126 867 4219 pedet,
894 4148 970 4201 non
993 4136 1215 4236 moventur,

146 4245 225 4318 quae
247 4225 369 4298 velata
392 4223 492 4319 sunt,
519 4243 594 4297 non
611 4226 803 4399 yrelantur,
830 4248 908 4321 que
929 4228 1082 4318 volant,
1108 4224 1141 4294 δι
1166 4203 1217 4294 di-

680 4346 701 4398 a
1067 4335 1179 4397 etant:
