2734 4859
832 699 915 782 n
961 699 1035 779 o
1088 697 1181 780 M
1224 697 1263 778 1
1309 697 1461 792 ω.
1509 695 1583 788 A
1637 639 1896 794 „xm
2279 703 2430 826 732

169 897 191 948 t
262 883 459 948 ‘non
493 859 636 944 effe
676 861 769 942 de
806 866 1033 940 calice
1062 876 1580 964 peccatorum,
1635 863 1798 942 noli
1833 875 2096 962 putare
2127 861 2431 962 scriptu-

169 997 201 1048 2.
274 987 451 1050 :ram
488 965 629 1042 effe
670 968 1041 1043 mentitam
1073 987 1230 1059 quae
1266 965 1580 1055 dixerit,
1631 966 1959 1044 mebrians
2005 989 2249 1042 omnem
2295 986 2430 1043 ter·

169 1099 207 1150 a
272 1093 481 1157 rm,
530 1086 697 1143 cum
744 1065 875 1142 iste
920 1086 1076 1142 non
1126 1070 1448 1140 ebrietur
1499 1087 1538 1138 a
1583 1062 2002 1166 Babylone,
2059 1065 2125 1138 δι
2177 1071 2427 1146 tamen'

169 1199 213 1246 e:
292 1166 637 1244 confistat
680 1168 754 1240 in
809 1179 1020 1240 terra.
1139 1163 1335 1240 Audi
1387 1167 1550 1259 quia
1590 1164 1818 1256 justus,
1865 1185 2016 1242 non
2071 1169 2153 1240 sit
2207 1185 2425 1260 terra,

176 1301 217 1350 ε
284 1265 610 1344 Omnem
645 1279 907 1340 terram
937 1266 1242 1340 inebriat
1271 1267 1458 1340 calix
1489 1263 1617 1338 iste
1644 1285 1922 1341 aureus.
2023 1266 2264 1363 Justus
2301 1281 2427 1342 ve«-

169 1401 217 1452 Ξ
272 1387 430 1462 so,
483 1387 646 1442 cum
686 1365 773 1439 sit
808 1365 1011 1458 super
1054 1381 1367 1460 terram,
1438 1367 2063 1443 conversationem
2103 1370 2176 1440 in
2221 1368 2422 1444 coelis

170 1481 215 1552 ξ
288 1468 541 1546 habet.
668 1462 767 1538 Et
794 1482 1099 1560 propter
1132 1466 1278 1541 boc
1312 1485 1466 1542 non
1498 1469 1852 1540 convenit
1881 1464 2178 1539 ulterius
2220 1465 2420 1555 J'usto

169 1601 221 1650 ,ς
272 1568 483 1640 dici:
540 1558 742 1638 Terra
772 1591 874 1655 es,
924 1573 1003 1642 <¹5
1036 1570 1111 1638 in
1140 1580 1378 1640 terram
1405 1572 1546 1637 ibir.
1647 1565 1789 1639 Sed
1829 1565 2111 1640 necess'e
2157 1563 2263 1640 est
2303 1588 2424 1640 au·

169 1679 221 1754 :t
280 1666 561 1740 dentur
590 1665 849 1760 loqui,
913 1665 1090 1739 dicit
1120 1663 1313 1758 justo
1358 1670 1557 1742 Deus
1597 1667 1827 1740 adhuc
1864 1664 2270 1741 coniistenti
2315 1662 2425 1741 su·

204 1763 219 1852 ξ
278 1785 429 1859 'per
481 1780 787 1840 terram:
850 1767 1105 1840 coelum
1157 1787 1282 1862 ez,
1338 1768 1406 1842 δι
1458 1770 1532 1838 in
1586 1768 1841 1843 coeium
1903 1765 2062 1841 ibis,
2164 1766 2423 1858 Portet

169 1901 219 1956 3
290 1868 492 1942 enim
527 1863 905 1962 imaginem
959 1864 1280 1942 coelestis.
1380 1867 1608 1963 Igitur
1647 1879 1732 1940 ut
1773 1867 2244 1958 concludam,
2300 1885 2421 1940 ca-

169 2005 219 2057 ς
272 1965 399 2040 :lix
438 1983 691 2044 aureus
734 1966 1044 2040 inebriat
1084 1986 1371 2041 omnem
1429 1983 1690 2040 terram
1715 2015 1744 2058 ,
1807 1965 1882 2040 id
1927 1966 2031 2041 est
2059 2019 2089 2063 ,
2165 1983 2422 2042 omnes

169 2089 221 2156 gt
286 2067 389 2142 ab
429 2086 525 2140 eo
563 2063 997 2139 inebriamur
1025 2068 1336 2156 quandiu
1362 2085 1564 2142 -terra
1601 2061 1860 2140 sumus.
1919 2151 1930 2162 ⁸

169 2207 191 2260 ι
453 2283 565 2336 10.
630 2267 735 2337 De
775 2269 937 2336 vino
982 2267 1118 2363 ejus
1152 2264 1454 2338 biberunt
1487 2280 1710 2359 gentes
1733 2315 1764 2352 ,
1818 2282 2070 2363 propter
2115 2264 2231 2336 hoc
2260 2287 2423 2336 cone-

286 2381 476 2446 motae
500 2364 685 2453 June.
790 2365 991 2437 Sicut
1036 2365 1106 2438 in
1147 2363 1255 2438 his
1282 2421 1305 2458 ,
1383 2366 1503 2457 qui
1555 2367 1809 2439 bibunt
1847 2366 2050 2440 istum
2075 2418 2102 2459 ,
2179 2366 2297 2458 qui
2340 2366 2418 2442 in

169 2505 223 2558 ἓ
286 2461 424 2540 usu
458 2463 560 2539 est
587 2516 613 2555 ,
668 2465 817 2536 vini
858 2465 1214 2558 liquorem
1242 2520 1267 2560 ‚
1320 2465 1372 2541 fi
1405 2465 1613 2559 super
1645 2465 1824 2542 fitim
1871 2465 1940 2539 δι
1982 2464 2188 2559 super
2222 2487 2421 2540 men·

169 2607 229 2660 Ε
284 2563 522 2642 suram
570 2564 882 2640 biberint
908 2615 935 2658 ‚
989 2566 1313 2640 videmus
1368 2568 1545 2640 ebrii
1599 2585 1872 2660 corpus
1913 2580 2241 2659 motum,
2297 2586 2424 2638 va·-

170 2712 213 2760 ;
288 2667 621 2740 cillantes
665 2665 884 2758 pedes
916 2716 941 2756 ‚
995 2682 1214 2760 caput
1264 2687 1349 2740 ac
1399 2682 1728 2759 tempora
1775 2680 2261 2762 praegravata‚
2328 2684 2418 2746 os

182 2789 229 2862 J
280 2763 748 2854 diffolutum‚
815 2765 1127 2859 linguam
1173 2761 1681 2861 fignificantem
1717 2761 2083 2838 sermones
2125 2764 2312 2860 ebrii
2347 2765 2420 2839 δι

169 2893 233 2959 Ξῖ
288 2864 731 2942 haerentibus
778 2864 976 2936 labiis
1028 2868 1254 2941 verba
1299 2863 1624 2958 praecisa:
1671 2863 1986 2938 fimiliter
2035 2863 2138 2937 est
2165 2864 2421 2940 videre

169 2991 234 3064 Ε·
284 2983 477 3044 eos,
541 2961 664 3053 qui
706 2961 795 3034 de
846 2962 1067 3036 calice
1113 2983 1335 3038 aureo
1376 2965 1690 3038 biberint
1729 2963 2125 3054 Babylonis
2153 3013 2182 3054 ,
2237 2983 2420 3054 quo·

169 3097 233 3166 Ξ
280 3061 527 3139 modo
564 3074 1001 3136 moveantur
1031 3113 1059 3156 ,
1132 3065 1510 3154 quomodo
1557 3061 1912 3146 instabiles
1963 3061 2191 3158 gress‘u
2219 3061 2420 3156 sint,

169 3215 231 3266 ἲ
298 3161 679 3254 quomodo
716 3162 1080 3235 debilitata
1126 3178 1373 3238 mente
1417 3162 1484 3235 δι
1527 3160 1916 3240 fluctuante
1952 3162 2423 3258 cogitatu-ni,

206 3325 229 3336 -
294 3262 401 3338 hil
441 3257 645 3336 firme
682 3273 979 3336 teneant
1008 3312 1034 3355 ‚
1086 3258 1203 3334 sed
1233 3260 1504 3354 semper
1539 3264 1613 3336 in
1643 3262 2172 3335 turbationibus
2212 3281 2422 3359 agan-

210 3361 225 3368 “
292 3377 423 3438 tur.
460 3361 743 3437 incerti.
846 3362 1341 3458 Quamobrem
1391 3361 1734 3455 scriptura
1774 3360 2021 3436 divina
2061 3360 2152 3434 de
2191 3359 2420 3450 istius,-

169 3519 221 3570 Ε
292 3463 497 3540 modi
544 3461 953 3536 hominibus
1000 3461 1075 3535 in
1124 3461 1269 3534 alio
1316 3463 1493 3536 loco
1533 3463 1633 3535 ita
1673 3462 1817 3536 ait:
1893 3464 2224 3558 Propterea
2263 3485 2421 3556 conr-

170 3621 201 3640 t
282 3571 453 3638 uoti
493 3562 671 3653 sum.
768 3559 1318 3653 Interponamus
1368 3561 1634 3654 aliquid
1673 3557 2043 3654 mysterii,
2108 3559 2276 3654 quid
2325 3561 2420 3638 de

169 3661 181 3668 '
276 3679 685 3762 peccatore
716 3660 993 3735 dicatur
1024 3657 1224 3737 Cain.
1326 3658 1507 3736 Cum
1526 3659 1831 3760 egress'us
1851 3658 1952 3736 est
1976 3684 2014 3734 a
2044 3661 2225 3737 facie
2250 3658 2423 3758 Dei,

284 3764 653 3840 habitavit
670 3762 753 3840 in
786 3776 977 3836 terra
1006 3761 1197 3835 Naid
1222 3814 1245 3854 ,
1297 3777 1555 3835 contra
1595 3759 1825 3837 Eden.
1923 3759 2116 3836 Naid
2145 3762 2216 3850 in
2246 3781 2421 3857 grai-,-

296 3886 384 3936 ca
427 3867 660 3960 lingua
700 3863 1216 3955 interpretatur
1260 3864 1688 3937 commotio.
1789 3863 1940 3960 ¹Qui
1989 3864 2178 3951 enim
2215 3861 2418 3952 ciere-¹

292 3963 561 4054 linquit
596 3961 831 4037 Deum
863 4014 889 4053 ,
955 3962 1077 4054 qui
1127 3957 1384 4053 deserit
1422 3960 1686 4036 sensum
1727 3960 1818 4036 de
1859 3982 1952 4035 eo
1983 3962 2246 4058 jugiter
2292 3981 2418 4033 co-

280 4062 606 4160 gitandi,
655 4060 783 4136 iste
827 4062 902 4136 in
939 4076 1132 4136 terra
1163 4060 1353 4135 Naid
1403 4062 1767 4153 hodieque
1803 4063 2118 4153 habitat,
2170 4059 2242 4140 id
2271 4058 2414 4154 est,

289 4166 373 4238 in
432 4161 896 4239 tribulatione
944 4161 1110 4240 mali
1172 4163 1415 4236 cordis
1483 4162 1552 4236 &
1600 4162 1860 4238 mentis
1913 4162 2420 4238 commotione

297 4259 638 4341 consistit.

1174 4356 1248 4436 A
1271 4382 1312 4437 a
1335 4381 1380 4440 a
1431 4383 1474 4437 2
1819 4363 1828 4369 '
2003 4380 2032 4434 1
2054 4380 2113 4437 1.
2135 4357 2312 4434 Bibe·
