2734 4859
479 581 726 664 aranu
775 549 852 666 111.¹
1128 595 1255 708 2073

130 752 251 842 minus
273 746 380 836 dicit:
407 751 521 822 Omnis
530 750 715 848 plantatio,
740 775 832 847 quam
844 774 912 824 non
929 752 1201 856 plantavilpoler

130 879 220 928 nats
232 851 370 948 tablira,
394 850 618 948 medicabitur.
669 848 829 943 Sti'patur
844 873 931 950 ergo
947 856 1200 934 ecclesia&in·

129 968 190 1030 ter
208 952 349 1043 melias,
375 948 409 1022 ἃ
429 946 531 1044 super
546 947 634 1066 ipsas
648 949 849 1041 requiescit.
901 954 993 1052 Quae
1005 956 1119 1031 melia
1129 960 1200 1033 illae

131 1051 302 1150 putanda:
327 1047 409 1123 sunt
434 1052 576 1138 anime,
613 1051 879 1141 quae·quotidie
907 1053 1131 1129 innovantur
1153 1059 1201 1134 ad

132 1154 324 1250 imaginem
351 1151 449 1245 ejus,
485 1149 543 1241 qui
565 1150 706 1222 creavit
724 1172 793 1227 eas.
845 1152 941 1246 Quia
958 1155 1052 1230 enim
1066 1177 1132 1249 per
1146 1159 1202 1232 in·
1258 1165 1264 1182 ‘

133 1254 376 1328 novationem
398 1247 449 1322 sui
472 1250 658 1346 imaginem
680 1263 848 1343 reparant
864 1248 926 1325 filii
945 1251 1040 1347 Dei,
1066 1259 1200 1333 merito

132 1354 168 1427 bc
187 1347 269 1446 ipsae
286 1349 435 1423 arbores
449 1348 562 1430 meliae
583 1348 827 1443 appellantur,
855 1352 936 1441 quia
958 1352 1078 1446 &ipse
1095 1355 1200 1452 spon·

134 1450 191 1527 su:
209 1471 334 1526 earum
348 1451 384 1522 in
399 1445 770 1544 superioribusuiclus
787 1448 850 1541 est,
877 1448 966 1523 licut
977 1456 1085 1528 arbor
1095 1458 1203 1533 melia

132 1551 204 1627 esse
227 1552 266 1624 in
294 1550 397 1645 ligni:
421 1549 542 1641 sylva.
593 1545 643 1620 Et
662 1568 709 1622 ne
729 1548 889 1643 mireris,
915 1550 1053 1627 sridem
1070 1553 1142 1647 ipse
1164 1556 1200 1630 ἀ

135 1655 245 1726 arbor
258 1649 347 1734 vitae
363 1647 397 1722 a
413 1647 550 1720 diversa
566 1647 632 1720 alia
647 1647 805 1739 dicatur,
833 1669 914 1722 cum
933 1651 1026 1726 idern
1044 1651 1078 1725 &
1098 1657 1200 1748 panis

135 1771 247 1826 verus
258 1771 286 1842 ,·
300 1747 335 1822 δι
348 1748 433 1820 vitis
448 1767 558 1839 vera,
585 1746 743 1843 &agnus
759 1747 852 1839 Dei,
879 1748 913 1820 δι
929 1751 1040 1825 multa
1056 1755 1122 1826 alia
1133 1753 1202 1829 no·

133 1853 307 1927 minetur.
359 1845 491 1920 Omnia
506 1868 658 1938 namque
674 1847 750 1919 baec
764 1851 914 1922 verbum
924 1848 993 1922 Dei
1005 1853 1202 1947 unicuique

135 1947 318 2042 efficitur„
337 1939 450 2042 prout
468 1943 630 2020 mensura
654 1945 716 2020 vel
732 1945 939 2023 desiderium
954 1953 1205 2046 participantia

136 2049 321 2144 exposcit:
347 2044 537 2120 secundum
555 2045 655 2137 quod
676 2045 710 2118 ἃ
728 2068 875 2144 manna,
902 2049 981 2141 qui,
1009 2071 1090 2125 cunr
1112 2051 1203 2129 esset
1259 2044 1265 2062 ⁸

137 2171 233 2224 unus
256 2149 384 2240 cibus,
419 2145 613 2238 unicuique
632 2157 752 2220 tamen
766 2147 940 2221 desiderio
963 2147 1012 2223 sui
1027 2151 1203 2230 reddebat

137 2249 315 2347 saporem.
364 2246 505 2320 Praebet
527 2265 614 2341 ergo
633 2241 780 2342 seipsum
794 2266 869 2319 non
885 2244 999 2326 solum
1017 2248 1202 2338 esurienti·

137 2351 203 2424 bus
223 2367 373 2442 panem,
400 2345 648 2440 &sitientibus
669 2347 808 2437 vinum,
834 2345 893 2420 sed
908 2346 941 2420 ἀ
958 2349 1116 2425 deliciari
1133 2374 1203 2426 vo·

135 2450 316 2540 lentibus,
352 2445 592 2544 semetipsum,
623 2445 658 2517 &
689 2445 880 2541 fragrantia
910 2449 1056 2523 exhibet
1080 2473 1201 2545 poma.

135 2548 339 2641 Propterea
362 2567 449 2642 ergo
477 2541 655 2638 &sponsa
680 2547 782 2618 velut
804 2545 937 2619 refecla
953 2548 1026 2639 jam
1048 2550 1082 2622 n
1107 2554 1204 2627 bene

135 2648 248 2744 pasta,
274 2646 392 2720 fulciri
408 2647 443 2718 in
459 2644 572 2718 meliis
585 2644 619 2717 se
635 2642 765 2737 poscit,
793 2643 918 2738 sciens,
946 2648 982 2720 in
998 2653 1115 2723 verbo
1131 2653 1203 2728 effe

137 2751 200 2825 libi
219 2768 298 2820 non
313 2745 424 2819 solum
442 2765 583 2818 omnem
601 2745 739 2835 cibum,
766 2742 823 2817 sed
843 2746 1017 2821 &ornnes
1039 2749 1201 2829 delicias:

138 2850 251 2942 &per
267 2868 309 2920 aa
323 2845 474 2920 maxime
488 2842 670 2936 discurrit,
699 2844 781 2917 dum
798 2844 831 2917 se
852 2848 1076 2923 vulneratam
1094 2849 1205 2925 sentit

136 2947 210 3044 esse
225 2946 354 3040 jaculis
372 2944 564 3018 charitatis.
613 2942 743 3034 Siquis
766 2965 912 3035 usquam
933 2946 1005 3040 est,
1030 2950 1089 3039 qui
1105 2949 1204 3025 fideli

139 3049 214 3123 hoc
228 3067 354 3120 amore
370 3045 472 3115 verbi
492 3042 562 3115 Dei
587 3042 667 3115 arsat
687 3045 899 3137 aliquando,
925 3045 950 3120 sa
972 3049 1049 3138 quis
1063 3047 1135 3144 est,
1161 3063 1203 3124 ut

139 3146 323 3243 propheta
336 3145 442 3236 dicit,
468 3145 526 3235 qui
541 3140 641 3215 elesii
652 3144 760 3233 J'aculi
778 3146 853 3235 ejus
867 3145 973 3217 derlee
987 3149 1116 3221 vulnus
1130 3150 1205 3243 pla·

141 3266 295 3344 gamque
311 3245 468 3335 accepit,
495 3243 518 3315 fi
536 3243 613 3332 qtris
632 3240 701 3336 est,
729 3246 788 3334 qui
806 3242 958 3317 scientiae
972 3246 1048 3337 ejus
1063 3251 1205 3325 amabili

141 3341 310 3420 confixus
328 3343 379 3417 est
393 3346 491 3435 telo,
524 3343 597 3432 ita,
623 3357 665 3413 ut
684 3343 817 3416 diurnis
838 3364 918 3416 eum
936 3345 1113 3420 desideriis
1138 3370 1205 3422 no·

142 3444 350 3536 elurnisque
372 3441 539 3535 suspiret,
566 3442 660 3515 aliud
682 3442 765 3535 quid
780 3444 878 3534 loqui
896 3464 972 3517 non
992 3447 1117 3539 poisat,
1144 3469 1206 3522 au.

142 3547 216 3620 dire
242 3543 340 3618 aliud
366 3544 486 3634 nolit,
523 3542 685 3636 cogitare
708 3544 801 3615 aliud
823 3540 975 3636 nesciat,
1007 3545 1207 3625 desiderare

141 3659 273 3738 praeter
299 3641 431 3736 ipsum,
471 3654 531 3716 aut
556 3663 688 3736 cupere
714 3642 807 3715 aliud
833 3645 893 3716 vel
911 3643 1049 3737 sperare
1071 3668 1146 3721 non
1164 3650 1207 3722 li-

142 3746 248 3821 beat:
274 3741 339 3816 ista
355 3743 470 3815 anima
487 3742 618 3815 merito
634 3739 736 3815 dicit:
770 3744 955 3814 Vulnerata
968 3748 1142 3819 clarlraru
1156 3775 1208 3844 ego

143 3845 227 3936 sam:
268 3841 303 3916 n
326 3843 369 3916 ab
393 3843 458 3914 illo
480 3842 612 3913 vulnus
638 3841 781 3935 accepi,
816 3842 860 3914 de
884 3863 957 3935 quo
976 3846 1063 3919 dicit
1082 3847 1208 3928 isaias:

147 3947 192 4019 Et
206 3947 316 4042 posuit
331 3943 465 4040 mcficul
479 3942 623 4038 jaculum
640 3942 787 4030 alenam,
814 3943 853 4017 θ’
871 3950 907 4012 in
915 3946 1073 4039 pharetra
1080 3950 1140 4036 suu
1153 3950 1209 4019 ab·

141 4045 261 4136 finrdir
278 4068 338 4114 ma.
388 4041 470 4115 Tali
493 4041 646 4115 vulnere
668 4042 775 4116 decet
790 4041 906 4117 Deum
922 4060 1113 4137 percutere
1135 4049 1208 4120 ani·

147 4167 230 4240 nas,
257 4144 389 4217 talibus
406 4141 531 4234 jaculis
549 4142 702 4233 telisque
719 4138 917 4239 configere,
945 4165 986 4217 ac
999 4145 1213 4222 salutaribus.

93 4247 96 4258 '
152 4265 205 4323 :aa
228 4243 442 4330 vulneribus
461 4237 637 4318 sauciare:
663 4255 726 4342 ut,
754 4242 950 4340 quiaDeus
965 4246 1117 4322 charitas
1134 4243 1216 4346 est„

82 4355 106 4624 j
1069 4344 1176 4426 luat.
