2734 4859
362 515 1011 654 nunniti-nui)
1137 575 1214 654 ut

140 707 311 808 Q&
330 688 583 814 cogitationes.
634 711 692 788 Ex
708 693 878 809 qu'oeum
893 677 971 790 dno'
985 683 1217 818 potuum,
1236 801 1250 822 Α,

125 815 322 918 ,uersum
346 837 412 900 cor
437 838 482 888 ex
511 813 727 913 secularibus
750 814 869 910 curia,
903 813 1146 890 &attenuari
1160 835 1209 894 ex

121 911 382 1008 'finib'oinrdine
399 912 566 1010 spiritali,
598 935 679 988 cum
695 918 774 1007 quia
789 916 930 1013 cogitat
941 935 1005 1007 ea,
1029 931 1109 1007 que
1126 913 1209 990 Do·

139 1015 351 1110 diuisum,
385 1015 581 1112 ptpjieiena
600 1013 853 1112 pinguedinem
871 1014 1063 1108 excorde,
1096 1009 1208 1108 &scif

138 1137 238 1210 rot,-
254 1117 360 1210 quia,
392 1111 787 1208 stinctallatumluerit
803 1134 870 1187 cor
888 1113 996 1210 eiua,
1014 1134 1136 1207 neque
1150 1133 1210 1189 ae·

138 1217 249 1312 ripiat
263 1213 446 1290 sermones
457 1212 556 1300 Dei„
568 1234 686 1306 neque
702 1213 827 1289 videat
842 1211 1209 1291 salutitsacramentat'

138 1317 364 1412 deponamus
379 1314 415 1390 u
432 1335 502 1404 noa
519 1311 797 1409 craffitudin'em,
830 1311 1207 1412 bellomontem,

118 1437 217 1510 »parra
234 1411 331 1490 utun
349 1412 422 1508 est,
454 1414 690 1508 tenuitatem,
714 1428 757 1494 ut
775 1411 1089 1509 &noa.dieamur‚
1115 1433 1211 1507 quo·¹

137 1513 255 1604 nodo,
271 1512 491 1610 Prophetes:
524 1518 650 1594 Silivit
669 1519 708 1588 in
725 1529 758 1588 tt
778 1511 890 1608 amiato
904 1538 991 1603 mea,
1016 1539 1111 1615 qnare
1125 1513 1207 1586 mal·

137 1615 297 1712 tiglita'trr
322 1617 389 1686 tili
405 1639 476 1687 eam
490 1639 567 1689 maa.
618 1615 662 1690 In
675 1611 771 1688 aaran
791 1615 931 1708 dasium,
966 1615 1060 1694 invia
1074 1611 1115 1692 U
1132 1617 1205 1688 im·

138 1715 233 1814 pse
245 1765 259 1804 ,
272 1713 320 1814 stc
333 1719 372 1786 in
384 1712 498 1806 sanila
511 1721 646 1888 apparui
665 1715 745 1818 ulit
767 1734 846 1792 uon
862 1711 956 1808 quast
972 1710 1108 1788 santius
1125 1713 1217 1804 fue-g

138 1815 206 1904 ripn
218 1812 516 1908 ¹¹rmturuliter,le
544 1815 582 1890 u
596 1817 711 1890 carnis
726 1814 918 1910 prudentia
934 1809 1105 1909 tabescit,
1132 1805 1205 1890 &li

114 1913 329 2012 ,pmdentia
342 1916 457 1994 carnia
473 1914 698 2008 extabuerit,
721 1926 811 1989 tnnc
825 1914 864 1988 in
879 1911 998 1988 santio
1019 1913 1202 2007 apparebo

137 2015 183 2100 ei.
206 2013 323 2108 χῶς
344 2017 382 2088 in
405 2017 698 2108 explanationem
717 2013 815 2118 eius,
850 2010 950 2109 quod
973 2008 1106 2090 arum
1128 2011 1203 2090 esti
1287 2087 1290 2093 .

139 2111 466 2209 hrqffotwflror
479 2111 588 2213 papali
601 2116 714 2211 liujus.
995 2113 998 2120 “
1193 2111 1204 2156 ·’

144 2273 159 2290 .,
205 2217 250 2292 6.
274 2211 444 2308 Sequitur
460 2226 598 2291 autem:
628 2217 678 2289 Et
694 2214 826 2288 auribus
841 2211 910 2310 fitis
925 2218 1074 2310 grauiter
1095 2213 1204 2286 aedit·
1287 2283 1289 2288 .

137 2329 230 2392 mr.
279 2313 383 2388 Nihil
401 2313 488 2410 mibi
503 2327 637 2410 nocet,
662 2315 862 2414 figraviter
878 2316 1016 2391 audiam
1030 2331 1204 2408 corpora·

136 2416 248 2507 iiten,
279 2433 399 2505 neque
418 2411 484 2508 ista
504 2414 591 2508 mihi
609 2412 712 2490 eausa
730 2411 795 2510 fit,
829 2429 871 2488 ut
883 2436 961 2494 non
976 2414 1115 2518 audiam
1133 2413 1204 2490 ler-

135 2534 267 2592 mones
287 2511 368 2589 Dei.
419 2514 625 2610 Quomodo
645 2515 744 2590 enirn
760 2513 958 2592 nihil'mibi
975 2521 1089 2590 ¹nocet
1102 2513 1203 2588 caci·

133 2626 198 2688 tat.
211 2613 434 2710 ¹corporalis,
466 2612 585 2688 sinon
599 2612 709 2688 fuerit
729 2611 914 2710 obcaecata
927 2615 1041 2692 anima
1053 2633 1150 2688 mear
1176 2609 1204 2714 li

85 2709 87 2722 '
134 2733 256 2806 neque
272 2715 424 2806 levitas,
449 2732 567 2804 neque
582 2714 777 2811 gravitudo
791 2714 983 2790 auditionis
999 2711 1202 2807 corporalia

133 2812 289 2908 impedit
300 2814 490 2905 quicquam
504 2813 602 2888 mibi.
625 2884 628 2893 ,
660 2809 724 2888 Est
739 2812 807 2888 alia
828 2813 987 2907 quedam
1006 2809 1201 2914 gravitudo

134 2909 346 3006 auditionis,
373 2933 451 3005 quae
467 2923 602 2986 noceat
615 2913 738 2987 animo
751 2913 921 2990 bominis.
1010 2933 1063 2985 uae
1077 2908 1204 2986 estista

131 3009 351 3108 gravitudo,
377 3032 454 3103 qua
467 3011 567 3088 estin
582 3013 806 3089 auditionem
820 3011 971 3089 animati
1025 3022 1204 3100 eccatum,

132 3110 331 3192 secundum
347 3110 561 3204 scripuuaa,
585 3131 697 3209 grave
715 3109 776 3187 est.
826 3109 983 3206 Propter
1001 3110 1102 3205 quod
1125 3106 1204 3184 sen·

114 3213 233 3286 tiens
254 3212 333 3304 quia
350 3227 501 3305 peccata
517 3209 603 3303 sua,
628 3212 735 3286 dicit:
761 3212 864 3306 Quass
880 3236 961 3282 onus
970 3235 1072 3306 pave
1080 3234 1204 3307 grava-

132 3327 176 3386 ta
198 3311 278 3398 [aar
293 3312 390 3407 saper
405 3337 463 3387 me.
513 3307 563 3383 Et
578 3311 662 3405 quia
676 3312 795 3408 gravis
812 3310 863 3384 est
877 3310 1067 3404 iniquitas,
1092 3329 1205 3404 prop·

132 3423 193 3484 ter
210 3407 286 3484 hoc
302 3408 405 3503 super
420 3411 596 3485 talantum
610 3409 748 3507 plumbi
765 3407 885 3506 sedet,
919 3426 962 3485 ut
974 3411 1012 3484 in
1029 3409 1204 3488 Zacharia

131 3509 304 3604 scriptum
329 3505 391 3586 est„
441 3507 606 3607 AEgyptii
627 3523 769 3594 autem,
802 3531 879 3585 non
894 3510 1065 3604 quoniam
1078 3510 1204 3608 gravia

131 3609 316 3685 habebant
341 3629 519 3702 corpora,
553 3608 718 3685 submersi
746 3607 828 3685 suut
849 3609 944 3704 quafi
960 3610 1144 3706 plumbum
1163 3609 1203 3684 iu

133 3729 227 3801 aqua
242 3708 471 3800 vehementi,
502 3707 563 3783 sed
576 3711 657 3801 quia
675 3708 799 3785 animae
817 3729 945 3785 eorum
962 3707 1007 3786 ad
1026 3712 1204 3784 talentum

119 3805 859 3903 plumbi,‚superquodsedebatiniquitar,
871 3823 1070 3909 aggravata
1083 3818 1203 3883 erant:

129 3907 400 4002 propterquod
416 3906 581 3982 submetli
593 3907 673 3982 lunt
683 3921 863 4003 tamquam
873 3910 1058 4005 plumbum
1065 3912 1102 3982 in
1112 3927 1205 4001 aqua

124 4007 358 4086 vehementi.
410 4006 618 4082 Gravitudo
635 4027 724 4106 ergo
734 4010 870 4084 aurium
885 4029 905 4084 a
918 4019 1075 4103 peccato
1085 4003 1143 4098 tit,
1169 4004 1206 4078 dt

131 4106 267 4180 ieviter
296 4105 482 4198 aJ‘ustitia
533 4106 633 4209 Quid
659 4106 735 4202 est,
770 4108 870 4201 quod
902 4108 1012 4183 faciat
1044 4105 1204 4180 auditum

131 4225 213 4283 non
230 4207 389 4307 graviter
407 4205 542 4307 audire,
568 4205 803 4384 udllfmtml
824 4207 959 4287 Penne
973 4207 1093 4303 verbi,
1118 4221 1205 4308 pen·
