2734 4859
925 463 932 490 Ι

242 568 1063 660 rnenovnnutnsnnomonrs.
1153 610 1203 690 ,aa

131 727 984 840 netrtiumhabitaculum.¹EntIsqueillasensum
997 743 1194 847 accipient,

131 835 739 1036 {quecanIiIIffIInconfflm’
764 859 824 915 eat
840 837 1004 919 dividere
1017 866 1060 920 ac
1073 849 1193 926 nunu.

475 1096 565 1173 ΟΛ
591 1096 619 1173 Ρ
643 1093 682 1171 U
706 1089 744 1172 T
791 1097 842 1175 V.

190 1219 306 1315 lange
324 1218 388 1314 fat
413 1219 454 1292 ab
473 1246 511 1294 aa
538 1224 628 1291 viam
653 1233 750 1292 traam.
802 1218 910 1296 Viam
932 1223 1088 1318 appellat
1113 1226 1187 1300 ani·

131 1337 233 1414 uum,
270 1319 316 1393 ad
338 1319 510 1394 virtutem
532 1318 602 1394 iter
627 1317 921 1398 contendentem.
972 1322 1050 1398 Aut
1076 1328 1186 1405 etiam

131 1419 237 1515 ubet,
264 1433 309 1496 ut
329 1419 503 1495 virtutem
518 1442 538 1494 a
556 1419 653 1493 vitiis
669 1416 882 1511 separemus.

456 1578 488 1654 C
511 1577 548 1652 A
570 1578 598 1654 P
622 1578 661 1653 U
684 1576 723 1653 Τ
770 1577 844 1657 VI.

185 1701 323 1773 matter
333 1713 440 1773 aeterra
450 1701 596 1772 amoram
600 1701 755 1798 pretiosas
763 1705 889 1772 animas
902 1705 997 1799 capit.
1046 1693 1180 1796 Etiam,

131 1819 188 1890 tn
209 1801 357 1895 capitur
381 1823 402 1874 a
428 1799 578 1876 muliere
603 1801 749 1895 emma,
781 1814 908 1875 natura
932 1799 1089 1894 pretiosa
1115 1800 1177 1878 est.
1241 1797 1244 1806 '

131 1897 197 1973 Ion
216 1901 315 1976 enim
334 1915 463 1973 natura
480 1912 623 1974 terrena
641 1899 702 1974 est.
753 1901 827 1973 Vel
841 1901 921 1993 quie
939 1898 1179 1973 fortium-ho·

131 1999 241 2112 tinum
260 1996 404 2114 sensus,
429 2002 615 2095 animaque
630 1998 788 2096 pretiosa
807 1998 881 2095 est,
906 2001 1013 2074 etiam
1025 2000 1088 2075 has
1103 2021 1180 2076 mu·

131 2119 176 2173 tet
198 2114 305 2195 capu.

419 2256 687 2334 CAPUT
735 2258 858 2337 VIII.

175 2381 244 2474 Ego
266 2403 381 2460 narrt,
413 2385 466 2448 cui
490 2382 688 2476 adgaudebat.
738 2380 854 2474 Vox,
888 2402 997 2468 erartt,
1022 2398 1104 2451 cum
1128 2373 1175 2451 (Ie

131 2481 185 2554 teo
200 2481 363 2574 dicitur,
390 2494 530 2572 tempus
548 2502 624 2578 non
637 2476 821 2575 fignificat.
871 2479 1174 2552 Tuncenimnon

131 2578 274 2676 gnificat
291 2598 542 2672 tempus,cum
558 2583 624 2671 tei,
643 2601 721 2672 quae
732 2576 793 2651 sub
809 2593 974 2673 tempore
991 2578 1054 2670 est,
1072 2577 1173 2675 signi·

131 2678 254 2753 ic'andae
273 2680 504 2775 adjungitur3
537 2680 620 2755 aest
643 2681 759 2753 dicas:
785 2675 891 2753 Eram
909 2681 946 2753 in
963 2680 1060 2752 foto.
1113 2676 1175 2750 Sin

131 2797 221 2852 ntem
245 2780 348 2877 apud
366 2778 489 2853 Deum
505 2796 574 2853 erat
596 2798 803 2877 campanam,
836 2793 915 2853 erat
936 2779 971 2853 &
994 2776 1067 2873 ipsa
1089 2775 1176 2855 sem·

131 2895 251 2954 iterna.

455 3036 724 3113 CAPUT
774 3038 863 3115 X.¹

171 3164 252 3232 Hac
267 3160 369 3232 ditat.
397 3157 454 3252 Si,
482 3160 638 3250 quinquis
659 3159 858 3233 aDomino
874 3156 1081 3233 benedictus
1102 3151 1168 3248 est,

131 3254 197 3333 ires
214 3259 270 3333 est
280 3309 291 3346 ‚
319 3272 428 3349 atque
447 3282 466 3332 a
481 3260 645 3332 Domino
661 3260 944 3347 benedicuntur,
974 3262 1033 3350 qui
1048 3259 1169 3330 ambu-

131 3374 173 3430 tnt
187 3364 224 3432 in
249 3362 335 3452 lege
357 3358 528 3449 Domini,
556 3380 635 3431 cum
657 3360 846 3452 propheto
860 3360 898 3431 in
916 3361 995 3455 lege
1018 3354 1169 3431 Domini

131 3459 392 3550 nbulaverint,
428 3459 465 3531 hi
488 3460 592 3552 plane
611 3459 745 3533 diuites
770 3472 883 3532 erant.

169 3559 213 3631 ln
238 3559 309 3645 risu
328 3566 485 3651 r'racr'prerrs
495 3558 584 3654 facit
606 3559 699 3629 mala.
749 3558 898 3631 FacIens
923 3555 1041 3648 mala,
1073 3551 1169 3625 dele·

131 3670 212 3730 utut
237 3679 282 3729 ac
314 3657 456 3752 gaudet.
510 3662 679 3754 Sapientia
697 3676 803 3729 aeterra
824 3662 898 3729 arira
919 3661 1009 3754 parit
1028 3654 1170 3752 predere·

131 3765 202 3847 aar,
229 3754 388 3830 affluam
408 3758 581 3831 videlicet
603 3758 789 3834 virtutem.

378 3957 381 3962 ·
444 3913 714 3992 CAPUT
763 3912 830 3992 XI.

173 4040 344 4132 Quinta
371 4038 580 4128 conversatur
605 4039 688 4109 domi
701 4036 791 4126 sata,
831 4032 1023 4107 hereditabit
1043 4041 1167 4104 veretas.

131 4141 244 4213 tomus
268 4136 393 4213 nostra
410 4138 512 4211 Deus
536 4136 607 4230 est,
632 4139 762 4229 inquo
782 4132 1021 4212 movemur&
1038 4127 1169 4203 sumus.

131 4242 172 4336 toi
189 4241 225 4312 in
242 4237 428 4312 mandatis'
441 4239 513 4311 Dei
533 4260 608 4311 non
627 4236 809 4332 ambulat,
836 4236 997 4310 cohaeres
1018 4230 1088 4305 erit
1112 4226 1171 4302 ad·

132 4337 336 4415 etsariatum
350 4336 577 4430 potestatum.
882 4363 884 4366 ·
