2734 4859
172 645 256 734 38.
292 625 531 712 ORIGENIS
548 623 615 706 ΊΝ
638 625 916 712 CANTICUM
940 627 1146 709 CANTlC.

142 811 145 816 ’
181 798 333 893 sentiat,
358 795 639 887 &charitatem‚
666 791 812 866 &dieat
829 815 906 867 non
919 792 1145 871 videntibus:
1174 796 1229 874 Eo

182 903 237 974 laic
255 905 364 974 venit.
407 896 551 989 Orate,
576 909 619 966 ut
639 892 760 990 &ego
782 894 905 986 possm
925 893 1064 968 dicere:
1096 898 1180 970 Ecce
1201 903 1229 972 h

181 1005 289 1076 venir.
346 997 510 1072 sienim
545 1007 706 1087 potuero
738 993 810 1068 Dei
844 992 1010 1071 differere
1042 994 1229 1074 sermonen

184 1097 456 1194 quodammodo
482 1096 517 1170 o
541 1114 611 1192 ego
632 1095 767 1169 dicam:
796 1095 873 1168 Eece
894 1097 949 1164 lu'c
970 1101 1076 1170 omia.
1128 1099 1225 1196 Quo

182 1199 275 1280 Non
291 1199 437 1292 ntique,
461 1198 524 1272 ubi
539 1196 664 1290 vallis,
690 1215 767 1269 non
781 1196 997 1270 ubihumilia
1011 1196 1105 1274 loca.
1160 1201 1228 1300 Qu

182 1293 320 1374 venill
348 1301 477 1370 Saliam
486 1297 581 1393 super
601 1310 743 1374 montes,
769 1297 953 1386 transiliens
969 1297 1064 1393 super
1083 1299 1185 1376 coles.
1218 1301 1229 1374 l

138 1451 140 1456 -
182 1401 296 1476 fueris
311 1419 439 1490 mons,
465 1396 542 1472 salit
556 1399 593 1470 in
611 1411 650 1470 te
670 1394 787 1470 sermo
803 1395 887 1469 Dei.
937 1395 973 1468 Si
995 1416 1073 1470 non
1092 1399 1229 1472 valuer

183 1499 255 1576 elle
269 1521 397 1594 mons,
418 1497 478 1573 sed
491 1498 601 1574 fueris
617 1496 742 1590 collis,
768 1495 943 1570 secundus
956 1517 977 1569 a
992 1511 1135 1593 monte,
1156 1513 1229 1576 trar

180 1601 274 1676 filiet
294 1599 398 1695 super
412 1609 463 1674 te.
515 1601 634 1698 Quam
651 1616 744 1670 vero
762 1598 937 1690 pulchra,
972 1596 1229 1676 &convenies

183 1703 235 1774 tia
255 1703 363 1774 rebus
380 1700 586 1772 vocabula!
612 1697 701 1771 Salit
722 1696 825 1794 super
846 1711 1013 1790 montes,
1039 1700 1122 1788 quia
1140 1701 1229 1794 maj<

181 1821 241 1874 res
260 1798 368 1874 sunt:
403 1799 552 1874 transilit
572 1794 675 1893 super
696 1799 838 1890 colles,
873 1799 955 1891 quia
973 1798 1134 1872 minores
1157 1797 1229 1876 sun*

181 1899 275 1975 Non
296 1899 445 1975 transilit
470 1900 575 1996 snper
597 1911 767 1993 montes,
793 1918 870 1974 non
895 1896 972 1971 salit
992 1895 1095 1988 super
1121 1899 1229 1976 colle:

181 1999 264 2076 Ecce
289 2003 342 2074 hic
366 2005 481 2092 venir,
506 1997 629 2091 saliem
647 2000 743 2099 super
768 2015 910 2089 mortes,
937 1999 1126 2095 tranfiliens
1152 1999 1229 2096 supr

179 2103 276 2174 codes.

259 2221 316 2274 11.
343 2200 473 2273 Similis
495 2199 533 2298 est
553 2198 732 2293 fratruelis
754 2223 839 2272 mem
857 2215 1001 2294 caprea,
1032 2213 1095 2269 aur
1108 2198 1229 2274 hinnio

179 2323 346 2372 cervorum
372 2307 409 2372 in
434 2300 594 2372 montibus
620 2301 746 2373 Becher.
798 2299 888 2372 Haec
921 2298 996 2370 duo
1022 2300 1187 2374 animalia
1213 2303 1229 2375 i:

84 2441 96 2458 ι
178 2399 362 2493 scripturis
392 2399 616 2493 frequentius
641 2401 896 2474 nominantur:
932 2399 1065 2489 &quo
1097 2401 1229 2492 ampliu

179 2499 394 2594 admireris,
427 2499 551 2594 saepius
574 2499 697 2594 junlla
719 2515 916 2592 ponuntur.
983 2501 1031 2570 Er
1058 2499 1124 2570 hac
1143 2503 1229 2590 sunl

178 2600 252 2690 ait,
278 2624 345 2697 qua
360 2602 583 2686 manducabis,
610 2600 693 2693 post
710 2601 892 2694 paululum
908 2598 1066 2671 inferens
1082 2620 1229 2692 caprear

179 2697 215 2772 o
236 2719 396 2774 cervum.
446 2699 489 2775 In
510 2700 672 2794 praesenti
694 2722 840 2792 quoque
861 2700 957 2772 libro
979 2699 1113 2792 pariter
1132 2703 1229 2776 nomi

177 2813 286 2874 natur
300 2820 431 2872 cervus
447 2801 480 2874 ἃ
496 2821 634 2895 caprea.
689 2798 973 2898 Quodammodo
995 2801 1088 2874 enim
1113 2820 1229 2898 cogna

178 2912 214 2971 ta
227 2899 289 2972 fibi
304 2895 406 2981 sunt,
433 2900 608 2973 &vicina
624 2899 689 2973 ista
704 2901 875 2972 animalia.
929 2896 1086 2991 Caprea,
1112 2901 1150 2972 id
1174 2899 1228 2976 est

178 2999 307 3072 dorcas
327 2999 520 3073 acutiffime
541 2999 655 3074 videt.
704 2996 854 3072 ¹Cervus'
874 2997 1084 3071 interfellor
1103 2999 1229 3094 serpen

175 3111 254 3171 tum
281 3098 342 3173 est.
393 3101 486 3198 Quis
504 3114 608 3193 putas
635 3099 686 3173 est
708 3100 833 3195 dignus
857 3121 876 3170 e
899 3100 1030 3190 nobis,
1058 3101 1119 3189 qui
1140 3100 1229 3192 juxt*

177 3197 386 3294 dignitatem
414 3200 489 3271 loci
516 3215 624 3290 atque
651 3199 809 3291 mysterii
843 3202 982 3291 plenam
1006 3199 1112 3291 poffit
1134 3201 1229 3296 expli

134 3359 137 3364 .
177 3298 488 3372 coronationem?
514 3298 670 3376 Oremus
692 3300 913 3387 Dominum,
940 3310 981 3369 ut
995 3299 1101 3369 nobis
1120 3299 1229 3397 largio

174 3409 236 3467 tur
262 3395 425 3490 sensum,
457 3396 502 3470 ad
525 3400 730 3491 aperiendas
756 3397 973 3489 scripturas,
1013 3396 1048 3469 dr
1075 3399 1227 3491 poffmu

84 3570 87 3574 .
174 3495 317 3572 dicere:
353 3496 555 3596 Quomodo
590 3499 729 3593 aperuit
761 3499 867 3569 nobis
901 3495 1000 3592 Jesus
1039 3498 1229 3592 scripturas

174 3596 274 3694 Quid
286 3595 422 3694 igitur?
451 3595 620 3676 dicimus,
646 3599 727 3690 qnia
746 3597 896 3684 dorcas,
924 3599 997 3669 hoc
1013 3597 1085 3689 est,
1113 3620 1229 3694 capre

172 3693 366 3770 secundum
377 3714 503 3769 eorum
513 3696 786 3795 physiologiam,
804 3699 863 3789 qui
874 3697 918 3770 de
929 3699 1065 3768 naturis
1081 3695 1229 3776 omniun

173 3795 377 3870 animalium
404 3794 611 3889 disputant,
646 3819 691 3870 ex
715 3798 814 3871 insita
833 3797 895 3869 fibi
921 3797 959 3866 vi
982 3817 1119 3870 nomen
1142 3817 1229 3872 acce

171 3895 279 3989 perit.
341 3894 403 3968 Ab
421 3918 468 3969 eo
489 3896 610 3990 enim,
643 3898 743 3988 quod
770 3898 907 3970 acutius
926 3897 1077 3990 videat,
1108 3896 1145 3969 id
1168 3897 1223 3973 est

170 4020 280 4094 παρα
295 4021 337 4070 το
351 3989 451 4091 ὀξέως
469 3992 616 4112 leprae,
643 3997 773 4070 dorcas
792 3998 969 4090 appellata
986 3996 1047 4072 est.
1099 3996 1229 4072 Cervu:

170 4116 267 4169 vero
287 4093 490 4188 serpentum
511 4097 675 4171 inimicus
701 4119 743 4170 ac
770 4096 970 4169 debellator
991 4095 1064 4187 est,
1100 4098 1175 4191 ita,
1202 4119 1227 4174 u

166 4193 297 4294 ¹spiritu
319 4197 459 4272 narium
475 4215 540 4274 eos
566 4197 732 4274 extrahat
751 4198 796 4274 de
814 4197 1000 4294 cavernis,
1027 4195 1229 4290 &superae

201 4315 204 4321 '
394 4347 397 4352 -
1071 4319 1191 4392 pernr-
