2734 4859
136 182 1295 424 m

223 467 228 476 ¹
356 463 361 472 ,
476 429 560 480 ιθ,
711 445 736 474 ·,
967 471 970 478 Ι
1170 425 1253 462 ϊ“

174 477 225 496 ιι
407 473 411 484 “
488 503 498 514 ἱ
596 483 604 496 ,
677 483 681 488 -
1026 481 1108 506 ,ι,.“
1171 485 1177 500 .

86 540 118 601 ⁵
142 543 292 742 ἀις
306 559 546 692 omonms
570 575 929 714 moruncurt
953 549 1172 686 commu:
1208 615 1214 634 ·
1269 637 1276 652 ·

180 767 220 844 in
241 767 335 859 hoc,
359 776 403 840 ut
415 761 509 839 facie
524 764 568 838 ad
585 741 727 844 faciem
724 739 1077 880 comprehendamus
1090 745 1150 857 ee,
1169 769 1250 858 quie

129 861 132 868 '
180 868 281 965 prius
301 863 423 959 quaii'
412 885 450 938 ιιι
469 865 596 939 umbra
613 863 699 940 &in
714 865 897 964 enigmate
914 866 1128 944 videramus.
1153 863 1248 944 Non

183 970 280 1042 enim
303 965 381 1057 quis
397 967 536 1059 poterit
549 964 592 1037 ad
606 963 689 1055 ilie,
722 985 800 1062 quae
817 983 916 1038 vern
922 963 1005 1057 sunt
1022 965 1056 1040 dr
1071 963 1249 1062 persedit,
1284 1002 1291 1012 ·

181 1065 401 1162 pervenire,
426 1063 488 1138 nisi
508 1064 605 1156 prinu
624 1061 878 1140 desideraverit
900 1059 942 1137 dr
960 1065 1189 1160 concupierit
1209 1066 1247 1140 in

182 1167 253 1242 hac
279 1165 404 1240 umbra
425 1162 590 1238 residere
640 1159 712 1236 Sed
735 1163 771 1237 dr
773 1161 866 1270 Job
890 1163 1040 1240 omnem
1061 1163 1251 1242 hominurn

165 1266 301 1340 ‘vitem
319 1263 408 1338 dicit
422 1260 493 1337 effe
506 1263 669 1339 umbram
686 1253 825 1357 super
804 1277 957 1340 terrem:
983 1262 1094 1338 credo
1105 1284 1174 1357 pro
1187 1284 1249 1361 eo,

103 1448 107 1454 ¹
159 1377 163 1386 '
185 1363 287 1460 quod
302 1363 417 1436 anime
431 1361 469 1436 in
469 1353 554 1438 hec
569 1361 867 1438 vitaveiume'nto
883 1363 989 1480 hujus
1009 1317 1251 1460 cradicorpo·

150 1500 159 1512 -
182 1464 234 1539 rie
252 1463 499 1537 obumbretur
552 1441 691 1537 Omnes
712 1482 823 1561 ergo,
848 1463 962 1557 quim
984 1463 1052 1538 hac
1067 1461 1249 1558 vitasunt,

182 1559 326 1640 necesse
352 1559 439 1637 est
428 1582 466 1634 m
481 1562 608 1636 umbra
626 1561 798 1654 quadan
796 1559 877 1636 effe.
929 1559 1000 1638 Sed
1024 1563 1081 1636 alii
1106 1563 1252 1656 quidem

113 1723 116 1732 .
182 1656 267 1739 sunt
280 1660 473 1736 sedentes
461 1679 500 1736 ru
514 1661 666 1758 regione
682 1663 817 1736 umbrae
830 1663 980 1754 mortis,
1005 1662 1042 1736 hi
1060 1661 1252 1756 profecto,

186 1762 248 1856 qui
265 1782 343 1836 non
363 1758 1011 1840 credumcnristo.Ecc1efiavero
1021 1782 1102 1836 cum
1118 1757 1251 1836 fiducia
1285 1809 1290 1822 ·

186 1862 293 1937 dicit:
327 1863 375 1936 ln
383 1860 493 1933 umbra
502 1857 608 1956 spmJi
616 1868 786 1958 ωπωρινι·
800 1860 840 1939 U
854 1861 937 1950 sedi:
964 1862 1126 1953 quamvis
1148 1876 1251 1938 certe
1272 1921 1275 1925 .

84 2017 89 2026 ,
110 2045 113 2050 ,
184 1947 298 2038 fueri't
312 1974 480 2075 tempus,
504 1980 578 2052 quo
595 1960 760 2054 potuerit
776 1961 857 2054 quie
870 1959 933 2036 sub
950 1963 1076 2038 umbre
1089 1963 1177 2059 legis
1191 1982 1250 2038 re·

185 2061 317 2155 fidens,
338 2053 482 2135 defendi
495 2081 516 2132 e
531 2060 661 2134 duritie
677 2057 815 2135 ardone
832 2059 1012 2137 drusius..
1037 2060 1252 2137 Sedtransiit

184 2161 276 2246 illud
293 2175 463 2254 tempus.-
506 2159 737 2234 veniendum
761 2159 812 2234 est
827 2181 925 2236 nunc
946 2159 989 2234 ad
1010 2162 1148 2234 arboris
1166 2162 1258 2236 meli·

164 2299 171 2322 ·-
183 2262 366 2335 umbram.
393 2257 427 2331 dt
447 2259 609 2372 quamvis
629 2256 769 2333 diversa
789 2260 867 2352 quis
885 2273 1007 2334 utetur
1023 2248 1168 2349 umb'm',
1194 2262 1250 2331 vi-

186 2360 293 2433 detur
313 2373 432 2433 tamen
445 2358 562 2432 omnis
580 2359 710 2451 anima,
734 2358 877 2433 donce
868 2382 905 2431 ιιι
923 2360 1082 2454 presenti
1099 2363 1172 2431 vita
1185 2358 1250 2450 est,

184 2460 345 2532 umbram
363 2458 497 2530 habere
516 2456 765 2550 necessariam,
791 2475 942 2551 propter
959 2462 1057 2533 illurn
1074 2459 1184 2531 credo
1197 2481 1251 2529 ar·

106 2615 109 2620 .
186 2559 313 2632 dorem
330 2555 434 2650 solis,
467 2558 550 2649 qui,
579 2578 659 2631 cum
677 2570 828 2630 exortus
846 2559 975 2650 fuerit,
1004 2561 1181 2631 continuo
1200 2558 1251 2631 se·

184 2678 291 2748 men,
328 2657 426 2748 quod
441 2677 517 2729 non
535 2659 606 2728 alta
621 2657 739 2730 radice
755 2657 951 2732 demersum
968 2659 1038 2749 est,
1066 2657 1192 2730 arescit
1208 2680 1252 2731 ac

185 2757 339 2852 deperit.
393 2754 462 2829 Sed
496 2759 593 2828 hunc
616 2758 782 2829 ardorem
807 2761 963 2830 tenuiter
993 2759 1135 2848 quidem
1160 2762 1249 2854 legis

184 2858 311 2930 umbra
334 2857 526 2950 propellit·
556 2854 688 2927 Christi
713 2877 804 2929 vero
828 2860 974 2950 umbra,
1005 2860 1042 2930 in
1064 2879 1131 2947 qua
1150 2879 1249 2930 nunc

86 3027 91 3034 .
182 2980 223 3031 ιιι
237 2956 404 3054 gentibus
422 2976 600 3046 vivimus
627 2955 665 3027 rd
679 2954 750 3047 est
775 2958 1029 3029 incarnationis
1048 2980 1123 3048 eJus
1137 2953 1249 3049 mdes,

186 3069 333 3129 avertet
356 3054 554 3147 penitus&
573 3056 771 3153 extinguet.
823 3056 995 3129 iileenim
1005 3060 1104 3148 ,qui
1126 3057 1252 3127 adure·

183 3157 248 3229 bat
275 3157 494 3228 ambulantes
515 3152 578 3227 sub
601 3158 725 3227 umbra
746 3154 854 3250 legis,
894 3170 1060 3247 tempore
1086 3155 1250 3249 paffronis

186 3252 332 3370 Christi,
359 3255 448 3329 srcut
463 3252 581 3349 fulgur
602 3254 697 3326 ursus
710 3252 761 3327 est
772 3252 987 3327 cecrdriiede
999 3258 1101 3347 caelo
1113 3276 1251 3345 .quam·

185 3356 245 3428 vis
264 3355 370 3428 etiam
386 3354 468 3446 eJ‘us
486 3356 619 3427 umbrae
635 3368 776 3445 tempus
793 3356 829 3426 in
846 3350 917 3425 fine
933 3354 1048 3426 saeculi
1070 3356 1251 3447 complea-

185 3466 268 3543 tur,
296 3454 398 3546 quia‚
418 3451 509 3526 srcut
530 3453 703 3546 diximus,
729 3451 810 3546 post
829 3452 1171 3526 consummationem
1193 3452 1251 3526 sae·

187 3551 259 3625 culi
274 3552 443 3644 jamnon
456 3570 524 3646 per
537 3549 738 3642 specuium,
763 3574 832 3624 nec
851 3553 888 3626 in
905 3556 1102 3647 enigmate,
1129 3553 1186 3626 sed
1199 3553 1251 3625 fa-

186 3653 244 3725 cie
257 3651 302 3724 ad·
314 3650 442 3724 sociem
459 3649 660 3723 videbimus
678 3653 881 3726 veritatem.
933 3652 1053 3726 Simile
1069 3649 1138 3725 esse
1155 3669 1248 3745 puto

185 3751 223 3825 dt
236 3748 345 3843 illud,
373 3748 472 3843 quod
488 3748 656 3845 scriptum
675 3750 744 3838 est:
772 3754 838 3821 Sui
856 3752 966 3822 umbra
979 3756 1103 3824 osorum
1119 3775 1249 3822 tuarum

185 3850 341 3922 exultabo.
393 3847 464 3922 Sed
485 3848 519 3923 dt
537 3850 575 3921 in
596 3847 825 3941 sequentibus
844 3850 947 3944 hujus
970 3852 1079 3924 libeili
1095 3854 1144 3923 ita
1160 3851 1250 3923 dicit

109 3989 112 3994 ·
183 3948 330 4044 sponsa:
358 3952 539 4021 metemus
559 3974 644 4018 meus
665 3952 766 4038 misti,
791 3950 831 4027 U
850 3976 898 4045 ego
914 3948 963 4023 isli
982 3953 1055 4047 ipfi,
1080 3958 1136 4048 qui
1144 3952 1250 4041 poscit

185 4056 276 4121 inter
300 4050 394 4136 iilia,
431 4052 525 4120 donec
545 4050 676 4143 respuet
700 4052 786 4139 dies,
821 4049 860 4125 ss
884 4070 1092 4122 amoveantur
1115 4054 1249 4140 umbra,

99 4183 107 4220 .·
147 4151 154 4164 ’
183 4150 344 4223 edocens
361 4169 425 4243 per
438 4150 533 4241 hoc,
561 4147 660 4240 quod
678 4151 803 4222 vemet
819 4163 972 4243 tempus,
1001 4171 1109 4242 quum
1122 4173 1249 4223 omnes

182 4251 318 4386 umbre
337 4250 646 4339 removebimus,
673 4248 709 4325 &
729 4270 795 4349 per
806 4249 1082 4334 misericordiam
1098 4251 1173 4425 1)Ξί
1185 4273 1250 4342 pa.

98 4353 121 4382 ‘·
235 4407 238 4412 .
1089 4362 1138 4440 te
1164 4351 1193 4425 it
