2734 4859
558 615 607 654 Ν

608 705 623 722 ·
718 688 1474 776 noui-tia
1567 685 1886 774 xvm.
2224 697 2378 795 ιτς-7

404 875 517 932 10.
567 854 755 948 Quia
804 855 990 926 obliti
1022 853 1189 944 finnt
1237 859 1358 927 mei
1402 855 1666 951 populus
1715 859 1930 949 menri,
1980 857 2056 928 in
2103 878 2376 934 vacuum

239 956 641 1030 adoluermit.
747 956 1204 1054 Quicumque
1228 970 1558 1049 peccat„
1588 956 1859 1028 oblitus
1898 953 2002 1028 est
2019 955 2213 1030 Dei:
2258 958 2373 1050 ju-

243 1056 390 1130 stus
424 1071 663 1129 autem
704 1057 837 1128 ait:
896 1059 1047 1126 Hac
1085 1066 1295 1128 omnia
1322 1071 1644 1127 venerunt
1668 1057 1862 1151 super
1895 1073 2013 1127 'nos
2037 1107 2065 1151 ,
2119 1056 2212 1134 ·&
2236 1080 2372 1129 non

240 1158 422 1228 obliti
449 1158 666 1245 ficmus
707 1173 813 1241 te,
857 1180 969 1226 nec
1000 1159 1227 1252 injuste
1255 1163 1483 1254 agimur
1522 1163 1599 1226 in
1631 1157 1992 1252 testamento
2031 1175 2159 1230 tuo.
2259 1155 2372 1232 At

246 1258 558 1350 populus
585 1256 707 1330 ille
734 1275 999 1327 revera
1021 1258 1294 1329 oblitus
1315 1256 1415 1329 est
1436 1255 1624 1347 Dei,
1678 1259 1745 1329 &
1773 1258 1845 1328 in
1872 1276 2176 1330 vacuum
2197 1255 2374 1328 ado··

248 1356 454 1438 levit.
558 1352 741 1427 lund
771 1375 1045 1447 porro,
1096 1363 1171 1428 in
1211 1381 1482 1428 voeuum
1523 1357 1936 1427 adoleverunt
1963 1409 1989 1449 ,
2042 1358 2209 1446 quid
2242 1356 2378 1438 fibi

243 1457 475 1548 velit,
525 1452 1074 1528 consideremus.
1175 1454 1247 1527 Si
1281 1471 1521 1530 mente
1555 1459 1997 1546 recolamuS,
2052 1476 2206 1546 quae
2242 1477 2371 1527 nu-

242 1574 372 1648 per
443 1556 515 1626 in
564 1550 904 1647 psalmum
966 1556 1426 1630 centesimum
1513 1554 2110 1651 quadragefimum
2187 1554 2374 1630 dista

247 1653 411 1725 sunt
438 1703 463 1745 ‚
516 1652 1035 1750 intelligemus,
1100 1657 1271 1744 quid
1317 1656 1445 1729 sit:
1518 1662 1599 1727 In
1631 1680 1901 1726 vacuum
1933 1656 2370 1728 adoleverunt.

245 1750 423 1824 Erat
449 1766 688 1827 autern
724 1755 797 1826 in
831 1752 967 1826 isto
1009 1752 1275 1846 psalmo
1308 1757 1524 1828 simile
1548 1757 1938 1848 quidpiam:
1995 1755 2147 1825 Fiat
2167 1762 2374 1826 oratio

244 1878 380 1922 mea
406 1851 566 1943 ficut
600 1854 920 1940 incensioni
959 1859 1035 1926 in
1071 1855 1384 1949 conspeflu
1416 1873 1547 1930 ruo.
1650 1856 1900 1946 ltaque
1928 1856 2168 1926 oratio
2211 1876 2372 1928 mea

245 1974 289 2025 e
320 1951 610 2044 simplici
644 1952 1044 2045 composita
1076 1953 1178 2027 est
1217 1955 1443 2027 corde
1470 2008 1496 2044 ,
1566 1953 1632 2027 δι
1675 1977 1837 2028 curn
1879 1952 2198 2028 nostrum
2234 1973 2369 2026 cor

243 2072 401 2126 non
429 2051 863 2144 induratur„
901 2053 1223 2148 dirigitur
1258 2053 1436 2126 ficut
1470 2053 1827 2126 incensum
1870 2056 1944 2126 in
1986 2050 2373 2145 conspeetu

221 2149 415 2225 Dei.
515 2150 585 2224 Si
620 2153 642 2224 i
692 2153 834 2223 itur
868 2155 1108 2225 oratio
1140 2153 1303 2245 justi
1339 2153 1696 2226 incensum
1740 2152 1946 2227 estin
1982 2150 2374 2244 conspeetu

244 2247 433 2330 Dei,
483 2174 719 2343 injufii
752 2253 990 2324 oratio
1019 2252 1123 2326 est
1152 2253 1432 2344 quidem
1471 2253 1866 2346 incensum,
1918 2251 2034 2326 sed
2064 2252 2378 2345 ejusmo-

241 2351 319 2424 di
353 2348 757 2444 incensum,
808 2352 899 2423 de
931 2341 1075 2443 Quo
1112 2356 1217 2425 uti
1254 2353 1321 2426 &
1354 2353 1446 2426 de
1470 2352 1780 2448 ipsomet
1808 2351 2068 2443 injusto
2110 2368 2376 2426 orante

243 2450 385 2524 dici
419 2449 673 2543 poffit:
740 2452 824 2522 In
855 2476 1124 2522 vacuum
1156 2455 1584 2539 adoluerunt3
1638 2452 2233 2544 quemadmodum
2278 2453 2370 2526 de

241 2549 429 2645 Juda
465 2547 801 2645 scriptum
835 2549 982 2624 est:
1056 2556 1217 2623 Fiat
1255 2560 1457 2626 oratio
1502 2558 1639 2648 ejus
1682 2559 1768 2636 in,
1808 2570 2150 2648 peccatum..
2237 2549 2371 2626 Ine

250 2648 531 2721 orando
559 2652 633 2721 in
662 2671 973 2725 vacuum
1004 2651 1350 2728 adolevit.
1396 2670 1399 2673 ’
1458 2655 1640 2751 Quis
1681 2671 1910 2744 porro
1955 2651 2040 2726 fit
2073 2651 2127 2725 is
2158 2703 2185 2743 ,
2252 2652 2378 2742 qui

240 2750 321 2822 in
357 2769 663 2823 vacuum
698 2750 991 2845 adolet,
1038 2752 1271 2826 adhuc
1293 2752 1387 2825 fic
1414 2754 1635 2850 magis
1673 2753 2186 2848 intelligamus:
2245 2743 2373 2823 ‘Ter

249 2855 330 2919 in
360 2873 569 2938 anm,
618 2849 853 2940 inquit
878 2897 901 2928 ‚
955 2853 1279 2947 apparebit
1307 2877 1487 2924 omne
1517 2856 1923 2936 ntafculinum
1955 2868 2135 2922 tuum
2173 2871 2380 2921 coram

254 2954 530 3023 Domino
577 2954 713 3021 Deo
751 2968 898 3033 tuo,
954 2952 1208 3039 quibus
1254 2949 1482 3027 statim
1532 2949 2011 3048 subjungituri
2065 2954 2222 3021 Non
2262 2970 2378 3046 ap·
2475 2941 2480 2952 ’

237 3051 491 3148 parebis
546 3055 619 3121 in
673 3046 989 3141 conlpek‘fu
1054 3076 1184 3119 meo
1244 3076 1502 3120 vocum.
1640 3050 1856 3123 Unde
1921 3051 2148 3138 liquet
2216 3046 2383 3123 scri·

246 3165 478 3241 pturae
512 3144 743 3222 sensus
780 3149 1007 3219 oculo
1045 3150 1393 3225 sacrarum
1416 3153 1811 3222 litterarum
1850 3148 2379 3243 expositionem

245 3249 698 3344 percipienti.
800 3247 976 3320 Haec
1015 3250 1087 3322 in
1124 3250 1478 3343 prooemio
1518 3247 1699 3321 dieta
1758 3248 1916 3322 sunt
1962 3249 2180 3338 mihi,
2231 3270 2382 3322 me-

240 3345 621 3443 metipsum
668 3348 1009 3420 excitanti
1055 3351 1122 3422 &
1158 3352 1569 3439 auditores,
1621 3362 1705 3420 ut
1723 3347 2109 3423 mistionem
2148 3359 2382 3423 atten-

221 3448 537 3535 ,damus3
590 3461 672 3519 ut
696 3445 933 3543 Jesum
970 3450 1311 3524 advenire
1347 3469 1723 3547 rogemuS,
1773 3464 1857 3520 ut
1879 3463 2215 3540 apparent
2241 3468 2380 3522 no-

247 3551 408 3639 bis,
467 3549 575 3640 &,
631 3548 943 3638 quaehie
976 3545 1231 3643 scripta
1268 3550 1465 3643 sunt,
1521 3548 1745 3624 modo
1783 3570 1919 3621 nos
1960 3548 2254 3621 doceat.

404 3670 516 3721 11.
568 3645 1050 3739 prophetavit
1101 3650 1441 3745 Jerernias
1475 3702 1501 3739 ,
1571 3654 1646 3724 (π
1696 3652 1956 3719 audivit
1998 3647 2260 3736 Paschor
2284 3648 2382 3738 fi·

248 3749 382 3820 lim
424 3750 683 3818 Emmer
701 3748 985 3835 sacerdos
1023 3751 1217 3819 verba
1249 3751 1610 3846 prophetia.
1716 3745 2000 3819 Etiamfi
2044 3761 2163 3819 tot
2191 3747 2380 3838 viri,

250 3862 339 3919 ut
370 3866 459 3917 ex
494 3848 687 3921 nuda
720 3847 1123 3940 prophetiae
1156 3848 1329 3924 serie
1366 3848 1744 3922 verisimile
1793 3843 1876 3921 fit
1903 3899 1931 3940 ‚
2000 3847 2383 3941 Jeremiam

250 3946 658 4036 audierint,
722 3948 956 4018 nullus
1018 3964 1255 4022 tamen
1317 3950 1492 4021 alius
1538 3965 1683 4020 tam
1733 3947 1885 4018 cito
1941 3960 2382 4020 memoratur

250 4044 543 4122 audiisse
582 4061 838 4136 praeter
883 4045 1215 4125 Paschor.
1320 4047 1529 4120 Curae
1566 4059 1802 4119 autem
1852 4044 1987 4120 fuit
2019 4041 2382 4138 scripturae

250 4148 538 4235 dicere,
572 4147 772 4237 cujus
804 4140 985 4219 filius
1018 4145 1234 4239 effet,
1276 4169 1536 4241 nempe
1562 4143 1886 4233 Emmer3
1939 4141 2390 4217 fuiss'e'etiam

245 4245 699 4323 sacerdotem
733 4267 757 4332 3
798 4247 981 4321 -item
1026 4268 1234 4339 quern
1270 4249 1596 4320 ordinem
1638 4245 2012 4318 obtineret
2040 4244 2116 4316 in
2154 4259 2386 4338 popu-

246 4350 372 4441 lo,
408 4342 611 4419 fuisse
642 4345 969 4420 nimirum
998 4345 1407 4439 praefestum
1429 4346 1686 4421 domus
1701 4341 2183 4424 Domini-..eo
2210 4355 2390 4416 tem-

358 4452 655 4543 Origem's
716 4442 893 4522 ‘Tem
950 4449 1129 4523 1X.·
1484 4441 1560 4520 T
1586 4458 1623 4518 t
2110 4455 2330 4536 ἱῦἱὶ
