2734 4859
401 579 910 662 uorrrttuxtr.
1115 596 1189 688 5⁸2

85 773 87 782 ·
127 752 248 852 Quam
264 742 352 822 dicit
368 741 545 822 matrem?
570 741 756 838 Numquid
773 746 867 821 inter
884 746 1051 823 mulieres
1067 749 1189 848 potest

127 851 236 925 etiam
249 848 399 924 animam
415 845 536 920 dicere
553 841 589 918 u
605 843 790 920 Mariam?
825 844 954 940 siquis
975 861 1093 924 autem
1112 849 1187 924 hoc

85 967 100 1002 ἰ·
126 949 308 1023 admittit:
334 948 432 1020 Modo
449 951 591 1043 arripuit
608 969 655 1020 me
669 963 772 1018 mater
786 970 853 1019 mea
871 949 1017 1043 Spiritus
1025 943 1186 1043 sanlius,

85 1060 90 1149 ξ
127 1052 167 1125 (5
181 1051 312 1121 adduxit
329 1052 366 1117 in
379 1061 516 1119 mentem
535 1068 680 1140 ntegrum
696 1044 845 1141 tuebor,
870 1043 936 1124 Ut.
958 1047 1078 1141 potest
1090 1048 1185 1124 illius
1213 1053 1216 1070 '

85 1157 91 1224 i
126 1160 276 1222 matrem
292 1146 443 1241 vident,
469 1145 607 1222 dicere:
636 1150 787 1234 Herem,
812 1163 933 1233 mater,
957 1155 1056 1245 quere
1073 1174 1119 1220 me
1134 1173 1186 1242 ge·
1238 1215 1259 1244 ,Ι

85 1261 92 1298 ⁴
126 1248 367 1346 mussitamus,
393 1250 449 1343 qui
457 1241 577 1361 judicer
590 1245 630 1323 (ὅ
645 1246 808 1334 discernar
821 1252 858 1318 in
873 1252 961 1318 omni
976 1244 1089 1320 terra?
1106 1247 1186 1323 Dis·

85 1361 91 1406 τ
126 1361 251 1444 ceptat
267 1367 349 1422 cum
372 1366 471 1420 omm
487 1360 606 1440 terra,
632 1344 666 1420 dr
681 1345 820 1441 judicio
839 1346 1053 1440 contendit,
1085 1345 1120 1421 u
1139 1349 1183 1426 ad

85 1463 94 1503 ²
123 1448 281 1544 fingulos
296 1442 451 1519 oremus
470 1444 538 1520 est:
563 1465 634 1543 ego
646 1445 723 1520 haec
741 1445 850 1521 &illd
861 1444 952 1538 feci,
979 1451 1184 1524 oeconomia

85 1569 94 1608 εἰ
123 1569 207 1622 mea
220 1546 296 1618 haec
312 1545 345 1619 dr
362 1544 425 1619 ista
440 1544 540 1642 egit,
566 1544 685 1639 &pro
702 1543 813 1620 salute
827 1560 889 1618 tua
905 1543 1018 1639 partus
1038 1544 1186 1620 sumvat-

85 1691 94 1714 ..
125 1667 198 1738 que
213 1642 365 1719 sustinui.
414 1643 571 1720 Dicente
584 1645 661 1720 haec
673 1644 888 1738 Salvatore,
914 1646 999 1737 quid
1015 1645 1185 1745 agemus?

85 1767 95 1810 ι
124 1744 299 1819 Futurum
315 1744 409 1818 enim
427 1744 498 1838 est,
522 1760 565 1817 ut
578 1764 659 1818 cunr
673 1742 839 1819 universa
854 1760 950 1819 terta
967 1743 1151 1839 disceptet.
1174 1796 1178 1804 -

85 1869 92 1935 q
199 1861 235 1934 5.
261 1844 374 1944 Quod
389 1842 574 1936 sequitur,
608 1844 733 1918 videre
751 1846 854 1919 volo.
906 1843 1028 1918 Potest
1047 1860 1119 1922 tam
1140 1845 1185 1921 ad

85 1964 96 2016 r
124 1943 364 2037 tropheum,
397 1962 502 2034 quam
528 1943 572 2017 ad
596 1940 822 2018 Salvatorem
854 1941 1045 2019 secundum
1076 1965 1183 2021 unam

85 2069 96 2102 r
123 2042 386 2137 expuitionem
402 2042 540 2120 referti.
572 2041 786 2119 'Videamus
806 2043 935 2140 etiam,
960 2046 1061 2137 quod
1074 2047 1184 2141 sequi·
1270 2097 1273 2106 -

85 2175 92 2216 ε
125 2158 195 2217 tur.
247 2146 330 2216 Non
343 2142 452 2226 debui,
475 2165 530 2216 nec
544 2141 651 2215 dedum
667 2142 749 2214 mide·
764 2149 937 2243 quisquam
968 2148 1070 2218 Vertit
1086 2153 1184 2241 prin-

85 2239 94 2318 ἑ
122 2264 188 2339 ceps
203 2241 301 2338 hujus
317 2243 443 2329 mardi,
467 2242 505 2320 U
522 2247 560 2316 r'tt
574 2265 622 2314 nte
637 2244 808 2316 munder
824 2245 1007 2340 quidquam.
1057 2242 1107 2320 Et
1127 2264 1185 2321 re-

85 2377 94 2412 t
123 2362 212 2415 vera
226 2341 315 2415 nihii
328 2339 481 2433 debuit3
504 2343 750 2435 unusquisque
766 2358 885 2418 autem
903 2341 1063 2422 nostrum
1086 2346 1186 2421 debi-

124 2456 185 2514 tor
204 2440 255 2515 est
268 2442 447 2534 peccatis,
473 2440 662 2538 &debitor
676 2441 727 2518 est
743 2442 877 2518 habens
895 2443 1184 2543 chirographum.

85 2577 93 2636 :-
121 2538 208 2614 Post
228 2540 387 2616 deletum
403 2541 678 2640 chirographum
697 2538 820 2627 suum,
845 2558 976 2639 quanta
996 2544 1183 2638 unusquis·
1248 2611 1250 2616 .

85 2675 93 2708 ι
126 2661 195 2732 que
219 2640 285 2714 alia
308 2639 397 2715 iecit
419 2640 693 2740 chirographa?
731 2646 799 2737 Qua·
814 2646 976 2740 peccarem
992 2669 1057 2716 non
1074 2646 1182 2739 fecit3

121 2765 179 2818 uec
201 2745 389 2814 inventust
427 2742 515 2813 dotus
535 2749 572 2814 itt
589 2767 643 2814 ore
664 2746 730 2839 ejus
750 2794 764 2833 ‚
798 2763 875 2817 non
895 2742 984 2817 fecit
1003 2744 1184 2843 chirogra-

90 2889 92 2916 2
123 2841 245 2942 phum.
296 2740 413 2941 Quis
413 2859 527 2936 porro
551 2842 658 2915 etiam
681 2840 770 2916 iilud
788 2841 864 2916 est:
897 2869 955 2914 nec
972 2846 1078 2916 debuit
1098 2848 1184 2917 mibi

85 2979 93 3018 =
123 2936 315 3039 quisquan?
340 2942 544 3039 Quomodo
558 2941 815 3035 explicabimus
834 2944 879 3017 de
899 2941 1109 3037 suntote,
1126 2967 1184 3034 neq

85 3077 92 3123 ,
124 3038 229 3111 debuit
245 3041 328 3111 mihi
344 3034 539 3140 quiequam?
565 3040 788 3142 Quamquam
803 3040 852 3114 ita
870 3043 1045 3139 legimus,
1069 3042 1181 3127 scien·

89 3201 92 3206 .
122 3140 207 3216 dum
233 3152 353 3214 tamen
380 3138 452 3233 est,
483 3139 656 3232 majorem
681 3143 934 3235 exemplarium
954 3138 1184 3241 ¹septuaginta

85 3281 92 3324 J
122 3240 359 3331 interpretum
373 3253 511 3334 partem
525 3260 601 3313 non
616 3240 662 3313 irc
680 3242 824 3315 habere.
876 3239 1041 3337 inspeetis
1057 3243 1183 3340 postea

85 3381 92 3420 r
123 3340 157 3412 ds
183 3340 257 3412 aliis
283 3339 500 3413 editionibus
522 3359 681 3414 errorem
707 3339 966 3424 amanueniium
987 3339 1056 3416 effe
1082 3363 1182 3419 conr·

85 3481 91 3522 :
120 3440 288 3532 perimus.
320 3438 565 3515 Nihilominus
579 3439 859 3529 utroquemodo
875 3442 1044 3535 explicari
1061 3444 1181 3536 potest

85 3582 91 3598 ·
122 3539 183 3612 hic
201 3541 317 3612 locus.
370 3539 572 3637 Quomodo
593 3540 759 3614 nimirum
778 3563 843 3612 non
862 3543 966 3613 debuit
991 3544 1075 3630 midi
1117 3553 1182 3616 uis·

85 3685 91 3724 q
122 3632 242 3735 quam?
273 3637 451 3713 Omnibus
473 3638 593 3713 debita
608 3636 766 3732 ipsorum
782 3639 920 3717 dimisit.
973 3644 1048 3716 Duo
1067 3571 1181 3718 deiud-

85 3785 91 3798 ·
123 3763 174 3808 res
187 3753 283 3810 aaut
299 3741 420 3812 mutini
435 3743 555 3819 suidam
561 3738 770 3833 feneratori:
797 3765 880 3812 uuus
894 3742 1018 3815 debebat
1035 3745 1179 3822 denarias

85 3917 87 3922 ,
121 3842 334 3934 quingentos,
357 3841 397 3917 U
421 3839 507 3912 alius
529 3846 789 3939 quinquaginta:
821 3866 889 3911 non
907 3844 1096 3918 bdbmtibus
1115 3849 1180 3919 ruis

121 3937 205 4008 unde
227 3936 409 4027 redderent,
444 3940 582 4012 maduit
604 3944 757 4037 utrisque.
818 3941 906 4016 Vin’
933 3942 1059 4018 videre
1086 3946 1183 4021 duos

120 4036 329 4131 debitores,
354 4057 486 4131 unum,
513 4037 573 4130 qui
596 4039 811 4136 quingentos
835 4041 1016 4137 debebat,
1043 4043 1180 4121 &alte-

121 4158 225 4231 rum‚
249 4137 308 4229 qui
334 4136 610 4237 quinquaginta?
635 4137 668 4211 i:
693 4139 834 4213 duobus
859 4143 1029 4236 populis,
1055 4145 1114 4234 qui
1140 4147 1179 4221 in

120 4233 242 4316 Deum
260 4235 512 4343 crediderunt,
534 4237 740 4335 Judaeurum
754 4243 911 4339 populus
936 4244 974 4318 in
1000 4239 1178 4346 Christum

455 4411 458 4416 .
1054 4362 1146 4415 non
