2734 4859
454 263 923 346 nomluinu.
1174 309 1221 377 45

85 467 106 522 a
157 434 302 514 tudinem
321 427 405 504 auri
427 427 621 522 faciemus,
646 451 724 504 non
748 432 919 508 habemus
934 455 1070 516 aurum.
1120 439 1170 520 Et
1181 449 1230 524 in·

156 539 215 614 hoc
230 551 390 628 quoque
420 531 611 603 letandum
636 529 707 623 est,
746 529 770 602 su
793 530 1034 612 similitudines
1057 542 1158 627 auri,
1193 547 1220 624 sa

85 675 103 718 a
156 637 298 736 ἥψω
316 631 498 704 faciamus
515 632 664 726 argenti.
716 634 952 706 Similitudines
968 648 1043 708 auri
1057 639 1220 731 faciemus

85 771 98 820 ,
144 739 222 826 ff,
237 759 312 806 m
323 731 532 830 stigmatibus
546 734 695 824 argenti,
721 751 849 805 verum
865 754 940 807 non
960 740 1059 810 omni
1076 753 1217 836 tempo-

85 869 95 918 ι
158 855 206 930 ae,
237 833 303 908 sed
326 831 458 904 donec
477 828 623 926 sponsus
643 843 725 906 tuus
745 829 900 928 surgata
925 836 1059 912 cubitu.
1123 839 1216 921 Cum

85 1003 92 1024 ,
155 939 228 1012 adm
245 936 309 1008 ille
331 930 556 1020 surrexerit,
581 928 653 1023 ipse
673 931 738 1002 tibi
761 951 905 1025 aurum,
931 933 1004 1026 ipse
1027 936 1136 1013 faciet
1159 964 1213 1016 ar-

85 1087 93 1102 .
152 1049 306 1134 gmmm,
331 1027 413 1124 ipse
429 1044 525 1106 tuam
545 1043 703 1104 mentem
717 1027 922 1123 sensumque
942 1035 1150 1134 decorabit,
1177 1045 1216 1117 dn

85 1187 93 1206 .
150 1137 206 1210 uic
223 1153 318 1206 uere
336 1131 448 1204 dives
468 1131 504 1204 in
524 1129 640 1224 sponfi
655 1129 767 1203 domo
789 1127 914 1224 sponsa
931 1131 1115 1235 Formosa,
1151 1143 1211 1218 cui

85 1289 90 1304 .
150 1233 323 1334 &gioria
341 1231 385 1304 in
404 1229 530 1305 saecula
545 1229 765 1307 sacculorum.
817 1231 949 1310 Amen.

434 1571 908 1651 HOM1L1n11.

149 1735 329 1824 nuum,
359 1739 399 1810 ia
413 1759 474 1836 quo
484 1737 640 1832 scriptum
653 1735 712 1834 est:
737 1733 883 1812 Nardus
899 1757 978 1812 mea
1002 1736 1101 1812 dedit
1118 1737 1210 1814 odo·

150 1853 217 1914 im
229 1835 361 1912 suum:
395 1837 541 1936 usquead
554 1861 623 1906 aum
635 1837 755 1923 haum,
781 1842 818 1906 in
834 1863 893 1935 quo
912 1845 980 1912 uit:
1016 1838 1112 1938 Quia
1128 1861 1209 1922 vox

232 1951 300 2011 tua
314 1933 461 2032 suavia,
486 1937 522 2010 dc
537 1935 656 2012 forma
672 1951 735 2012 tua
749 1935 904 2033 decora,
931 1937 970 2014 o
986 1956 1115 2020 catera.-

150 2155 176 2214 ι.
268 2155 379 2212 mnea
407 2133 530 2210 animae
554 2134 740 2210 motiones
765 2134 1004 2212 univerntatis
1034 2138 1207 2214 conditor

295 2235 405 2310 Deua
422 2233 563 2310 creavit
578 2235 623 2309 ad
642 2237 799 2308 bonum:
825 2233 885 2309 sed
906 2257 975 2330 pro
994 2236 1056 2312 usu
1078 2239 1206 2316 nostro

146 2331 314 2433 itsoepe,
341 2351 388 2408 ut
404 2355 485 2429 rea,
511 2355 588 2429 quae
609 2337 716 2408 bona
731 2332 811 2408 sunt
830 2356 895 2427 per
915 2350 1095 2434 naturam,
1122 2341 1207 2416 dum

145 2439 227 2512 ade
245 2437 306 2512 his
326 2435 530 2529 abutimur,
555 2455 625 2508 noa
648 2435 692 2508 ad
708 2449 857 2528 peccata
871 2435 1061 2513 deducant.
1099 2438 1206 2516 Unus

146 2537 184 2612 de
207 2539 341 2611 animae
364 2536 524 2611 motibus
550 2555 650 2609 amor
674 2533 752 2625 est,
788 2554 860 2625 quo
883 2537 977 2609 bene
1003 2539 1135 2612 utimur
1162 2539 1208 2616 ad

143 2637 352 2728 amandum,
379 2633 622 2728 fisapientiam
633 2653 789 2708 amemus
804 2633 1048 2712 &veritatem
1083 2640 1207 2737 Quan-

143 2736 186 2810 do
203 2757 304 2810 vero
329 2755 432 2808 amor
459 2735 581 2808 noster
599 2737 635 2808 in
661 2735 788 2825 pejora
812 2738 1016 2829 corruerit,
1049 2757 1204 2814 amamus

144 2857 283 2912 amem
301 2835 341 2908 δι
359 2833 571 2930 sanguinem.
628 2832 690 2906 Tu
711 2833 819 2929 igitur
838 2838 880 2906 ut
897 2834 1057 2927 spiritalis
1076 2889 1089 2930 ,
1124 2840 1207 2913 audi

142 2933 348 3030 spiritaliter
371 2937 543 3008 amatoria
568 2936 682 3007 verba
703 2934 867 3024 cantari,
894 2935 928 3006 δι
953 2933 1046 3008 disce
1064 2952 1206 3016 motum

141 3039 262 3110 auimae
277 3052 373 3130 tuae,
401 3033 619 3108 &naturalis
635 3036 765 3106 amoris
779 3034 983 3108 incendium
1000 3036 1042 3107 ad
1057 3038 1208 3113 meliora

141 3135 361 3220 transferre,
386 3133 578 3212 secundum
595 3137 702 3210 illud:
729 3139 810 3208 Ama
824 3139 928 3223 idam,
953 3139 1141 3228 &servabit
1158 3157 1201 3232 n,

139 3240 297 3308 circumda
316 3239 421 3322 idam,
446 3239 487 3313 U
506 3239 658 3308 exaltabit
671 3252 714 3311 te.
772 3240 865 3322 Viri,
883 3239 1005 3332 diligite
1022 3263 1131 3311 uxores
1147 3265 1203 3315 ve-

135 3337 232 3434 ]im,
260 3339 314 3410 eit
326 3333 544 3432 Apostolust
570 3336 718 3410 sednon
733 3333 830 3408 stetit
845 3339 881 3408 in
897 3359 965 3431 eo,
991 3340 1089 3429 quod
1105 3341 1203 3415 dixe·

139 3453 210 3530 rat,
253 3443 354 3525 Viri,
380 3439 508 3531 diligite
521 3463 632 3509 uxores
648 3436 789 3533 defluas:
819 3458 946 3511 verum
964 3439 1075 3512 sciens
1093 3493 1105 3530 ,
1132 3437 1204 3516 effe

85 3593 87 3604 .
141 3537 367 3614 duicfflonem
384 3537 549 3612 virorum
562 3539 599 3611 in
621 3538 777 3631 propriis
794 3557 938 3627 quoque
954 3540 1129 3614 uxoribus
1149 3542 1201 3614 in·

85 3607 89 3772 ,
137 3637 344 3732 honestam,
369 3636 504 3722 sciens,
522 3636 591 3712 effe
606 3640 806 3732 placentem
819 3637 926 3730 Deo,
943 3639 1089 3731 docuit,
1111 3661 1201 3731 quo·

85 3775 88 3842 μ
136 3740 247 3814 modo
257 3739 327 3810 viri
340 3759 479 3814 uxorea
490 3736 566 3812 suus
582 3757 698 3811 amare
711 3738 902 3828 deberent,
929 3739 1104 3814 inferens:
1138 3743 1199 3812 Va

85 3847 87 3854 '
138 3844 188 3936 ai,
212 3841 338 3936 diligit·
352 3865 469 3916 uxores
490 3839 630 3937 vafinus,
643 3833 732 3937 ficut
751 3837 791 3916 ὕ
808 3837 948 3936 cbristo
966 3840 1122 4012 ecclefiafin.
1148 3835 1197 3914 Et

1099 3957 1146 4012 oc
