2734 4859
227 635 1111 735 INPROVERBIASALOMONIS.
1181 682 1206 755 5

146 805 1192 872 «ἓξὲξ-*Ἥ

185 1018 251 1106 Ex
273 1018 467 1130 Origmio
482 1025 767 1219 comisseoototiis
784 1026 826 1110 in
846 1024 1059 1116 Proverbio
1074 1024 1140 1111 So

617 1163 754 1226 noomt.

189 1309 337 1381 oweriia
359 1312 541 1382 Salomonis
552 1313 624 1403 filii
642 1313 765 1383 David.
814 1310 924 1387 Filius
943 1312 1063 1390 David
1088 1319 1196 1395 etiam

209 1407 377 1483 salvator
393 1425 561 1487 vocator.
595 1412 683 1485 ,Hie
701 1409 871 1504 pacificus
886 1414 1007 1488 noster
1023 1415 1196 1509 salvator,

133 1508 227 1602 {otios
260 1538 302 1580 ex
323 1516 449 1597 semine
476 1513 588 1583 siaoioi
602 1514 770 1601 secantium
794 1536 944 1600 taonem,
970 1516 1197 1612 regnavitin

138 1605 240 1684 lsrael.
294 1609 443 1683 idcirco
461 1610 652 1704 susceptam
666 1612 815 1704 implens
832 1632 899 1704 pro
912 1614 1116 1688 hominibus
1133 1616 1198 1689 dis-

138 1707 400 1803 pensationem,
428 1711 572 1785 titolum
586 1711 681 1784 hunc
696 1712 1049 1805 inscriptumhabuit:
1079 1716 1197 1813 Hicefl
1291 1729 1292 1733 ’

137 1835 182 1880 ux
204 1809 414 1905 Juoaeorum.
465 1811 575 1905 Judaei
597 1809 698 1884 Israel
722 1813 822 1904 sunt,
851 1833 1003 1904 quorum
1022 1811 1195 1905 pacificus

135 1907 285 1984 salvator
310 1929 379 1982 rex
408 1909 634 2002 dominator,
671 1928 839 2003 tanquam
867 1911 989 1985 animis
1023 1910 1197 2005 perspica-

134 2013 240 2101 ciom,
267 2010 292 2083 fi
315 2010 435 2082 modo
459 2031 547 2083 vere
570 2008 673 2084 lsrael
699 2009 788 2084 sunt.
841 2013 922 2083 Non
951 2018 1054 2096 enim,
1082 2020 1137 2109 qm·
1148 2013 1198 2101 sa·

137 2133 201 2178 iam
221 2110 295 2188 soni
317 2109 481 2196 Aia-aizo,
506 2115 635 2183 omnino
654 2116 751 2184 otiam
764 2112 837 2205 filii
849 2160 862 2194 ,
890 2132 936 2186 eo
964 2113 1063 2203 quod
1083 2131 1197 2206 opera

130 2206 275 2282 Abrahae
289 2231 374 2282 non
391 2210 540 2286 faciunt.

85 2353 87 2366 ·
196 2315 246 2381 Ae
262 2314 427 2396 piendam
438 2313 631 2405 sapientiam
647 2310 908 2408 indisciplinam.
941 2310 1121 2405 Sapientia
1143 2309 1195 2388 est

85 2385 87 2480 !
130 2409 326 2482 divinarum
350 2410 654 2503 humanarumque
670 2433 788 2485 rerum
807 2412 952 2485 scientia
969 2427 1075 2503 atque
1095 2433 1194 2485 com·

85 2571 87 2582 .
130 2510 347 2602 prehensio3
377 2508 568 2583 secondum
587 2528 705 2585 autem
729 2514 902 2604 quosdam
915 2534 1015 2606 vapor
1034 2514 1193 2608 nivino-

130 2617 169 2680 tia
195 2616 279 2694 Dei,
317 2609 360 2685 ’ὗ
376 2617 535 2681 emanatio
552 2617 776 2708 omnipotentio
794 2613 901 2705 gloria
915 2613 1065 2706 finctio:
1102 2611 1193 2681 nihil

129 2716 204 2781 onim
219 2718 435 2807 inquinatum
456 2717 595 2782 iouuroit
615 2719 650 2781 in
671 2714 775 2782 iiam:
793 2716 938 2808 jplendor
952 2718 1037 2782 onim
1058 2711 1099 2807 esi
1114 2713 1193 2782 lucis

131 2829 263 2898 otono,
292 2813 334 2885 ὅ
346 2811 507 2904 speculum
515 2813 582 2903 fine
595 2816 716 2881 maculo
732 2820 921 2908 operationis
938 2817 1017 2899 Dei,
1043 2812 1082 2887 (5
1098 2817 1194 2904 imago

133 2910 280 2981 haitana
300 2913 402 2980 iilius.
454 2911 527 3005 Qui
550 2909 725 3005 sapientiae
747 2913 856 2983 novit
878 2932 1011 3005 opera,
1037 2911 1113 2982 haec
1130 2932 1194 2983 no·

132 3013 195 3101 tit,
221 3033 363 3104 nempe
381 3008 603 3102 splendorem
622 3014 713 3083 iocis
734 3027 896 3102 eterno,
922 3010 1102 3103 speculum
1122 3011 1194 3083 sine

135 3114 259 3182 nacula
278 3112 430 3181 virtutis
443 3109 532 3194 Dei,
559 3110 793 3206 &imaginem
805 3111 977 3184 bonitatis
992 3112 1078 3200 ejus.
1106 3111 1194 3181 Haec

136 3228 237 3284 tatem
257 3211 353 3281 nihii
375 3210 469 3280 aliod
490 3209 595 3299 sunt,
634 3234 736 3301 quam
756 3209 843 3282 scire
861 3209 971 3282 filium
994 3208 1193 3282 doemonis

132 3308 213 3392 Dei,
244 3313 280 3382 δι
301 3308 482 3381 Christum
498 3308 711 3401 sapientiam.
751 3309 909 3383 Christus
928 3312 1021 3381 enim
1038 3310 1108 3381 Dei
1125 3312 1194 3380 vit·

133 3424 179 3481 tus
193 3411 268 3502 est,
298 3410 334 3479 ἃ
357 3411 425 3481 Dei
455 3405 631 3500 snpientia.
680 3410 722 3483 ld
741 3432 833 3483 vero
849 3431 926 3482 non
944 3412 1058 3481 carnis
1073 3410 1106 3479 δι
1121 3407 1193 3479 san-

133 3511 261 3603 guinis,
298 3509 361 3580 sed
380 3512 490 3600 patris
520 3510 667 3582 coelestis
688 3512 915 3584 revelatione
937 3508 1192 3582 manifestatur.

132 3609 196 3681 Scit
212 3629 338 3682 autem
365 3610 473 3680 etiam
493 3608 724 3700 sapientiam,
758 3612 817 3699 qui
840 3611 1047 3681 divinorum
1066 3629 1193 3680 oracu-

131 3709 239 3783 lorum
266 3710 358 3804 Iegis
393 3709 435 3780 &'
460 3711 738 3800 prophetarum,
770 3708 1053 3804 Evangeliorum
1088 3722 1195 3795 atque

134 3807 394 3901 Apostolorum
423 3804 603 3879 scientiam
624 3812 742 3882 novit.
795 3808 908 3898 Super
927 3824 1064 3898 pettam
1090 3808 1195 3899 ponit

134 3905 424 3999 fundamentum,
451 3929 580 3999 nempe
596 3907 699 4000 snper
711 3906 816 3981 fidem
830 3907 977 3995 Christi,
1006 3921 1046 3977 ut
1062 3905 1196 3976 resistat

136 4009 292 4081 adversus
318 4009 477 4099 imbres,
506 4005 710 4089 &ventos‚
737 4006 947 4099 &spiritus‚
973 4007 1195 4079 tentationes

135 4109 316 4198 videlicet,
342 4106 587 4198 undecunque
601 4110 833 4200 proveniant.
871 4106 983 4205 Quod
1002 4106 1114 4177 Lucas
1134 4103 1197 4203 ait,

136 4210 206 4295 quia
231 4212 383 4279 sautiavit
406 4231 589 4277 oeconomum
615 4213 825 4306 iniquitatis,
854 4207 998 4278 abusive
1024 4208 1197 4293 loquutus

136 4306 191 4402 est,
205 4307 389 4385 solertiam
403 4306 570 4404 laudans,
588 4310 637 4383 ob
634 4308 1056 4483 Angeniidexteritatem.
1076 4297 1199 4479 sQuod

696 4431 716 4503 3
1035 4424 1072 4502 tp
1088 4421 1151 4478 um
