2734 4859
475 603 605 681 mu
632 601 726 700 ert
771 602 851 686 111.
887 563 892 572 ’
1132 622 1231 708 193·

130 771 167 846 in
179 764 525 844 lamentationibus:
544 797 547 801 ·
563 769 709 864 Spiritus
722 763 839 843 uultui
856 766 963 867 nostri·
978 767 1126 866 citimus
1143 773 1213 855 Do-
1266 758 1268 764 ¹

132 877 240 952 uinus
255 869 492 964 comprehensus
512 866 551 963 ‘fl
565 873 603 937 in
621 869 876 965 corruptionibus
895 863 1030 967 nostris,
1055 874 1108 940 cui
1124 872 1213 940 dixi·

135 995 216 1045 rtur.
258 970 304 1041 Iu
321 963 433 1039 umbro
451 971 519 1060 ejus
534 967 680 1041 vivemus
701 968 908 1063 ingentibus.
957 969 1072 1043 Vides
1095 978 1209 1066 ergo,
1230 1029 1235 1040 .

134 1066 328 1170 quomodo
348 1066 482 1161 Spiritu
500 1065 617 1140 santio
636 1084 822 1163 permotus
838 1067 1019 1163 propheta
1035 1069 1148 1142 vitam
1161 1070 1209 1143 de

134 1172 262 1244 umbra
290 1163 420 1240 Christi
445 1168 594 1258 praeberi
620 1168 785 1261 gentibus
812 1169 922 1261 dicit,
957 1168 1207 1260 &quomodo

135 1289 212 1344 non
239 1268 355 1340 vitam
382 1265 490 1340 nobis
515 1266 671 1360 prebeat
694 1268 769 1358 ejus
796 1270 940 1357 umbra,
979 1288 1088 1360 quum
1116 1267 1224 1344 &in

135 1380 324 1460 conceptu
347 1365 513 1459 corporis
534 1366 625 1439 illius
646 1365 690 1440 ad
705 1365 858 1441 Mariam
875 1367 1030 1440 dicatur:
1058 1369 1208 1463 Spiritus

128 1466 260 1560 [rufius
277 1472 389 1538 vertier
399 1469 494 1560 super
510 1483 551 1553 re,
578 1466 616 1543 (5
633 1484 747 1537 uirtus
761 1464 903 1555 aitffmi
916 1465 1108 1538 obumbrabit
1121 1461 1207 1539 riui

134 1568 168 1642 Si
192 1587 288 1662 ergo
305 1565 536 1652 obumbratio
556 1566 625 1639 fuit
645 1566 791 1642 altissimi
808 1569 843 1639 in
864 1563 1056 1660 conspeetu
1072 1585 1206 1660 corpo·

135 1671 181 1742 ris
195 1668 299 1760 ejus,
324 1667 457 1740 merito
473 1668 596 1739 umbra
612 1665 687 1757 eius
703 1667 814 1740 vitam
835 1666 1001 1761 gentibus
1019 1664 1130 1741 dabit.
1155 1663 1207 1738 Et

135 1769 268 1844 merito
287 1765 411 1860 sponsa
423 1766 497 1857 ejus
512 1766 658 1839 ecclesia
672 1764 735 1837 sub
749 1767 831 1838 meli
847 1766 970 1839 umbra
981 1763 1103 1838 sedere
1114 1785 1206 1837 con·

135 1864 317 1965 cupiscit²
346 1863 419 1938 ime
437 1864 571 1958 dubio,
604 1879 646 1937 ut
664 1865 769 1956 vitae,
807 1885 883 1956 quae
902 1864 953 1937 est
973 1866 1011 1936 in
1032 1865 1108 1955 ejus
1128 1871 1207 1938 um'·

134 1970 222 2059 bra,
248 1967 430 2060 particeps
447 1961 531 2038 hat·
573 1964 809 2057 Reliquorum
825 1984 917 2035 vero
933 1963 1118 2059 lignorum·
1137 1961 1208 2055 syl·
1289 1961 1291 1966 ’

133 2089 190 2140 rae
211 2067 340 2141 umbra
362 2045 442 2136 talis
461 2063 532 2157 est,
563 2075 626 2158 ut,
654 2064 714 2164 qui
732 2063 861 2136 sederit
879 2061 941 2136 sub
960 2061 1053 2159 ipsa,
1082 2060 1207 2136 sedere
1269 2069 1277 2086 '

137 2167 305 2240 uideatur
325 2165 364 2237 in
390 2165 540 2259 regione
562 2165 697 2238 umbrae
721 2165 862 2237 mortis.
912 2161 982 2237 Sed
998 2162 1135 2253 adhuc,
1164 2173 1208 2233 ut

137 2268 258 2364 magis·
276 2284 320 2336 ac
343 2264 452 2358 magis
478 2264 618 2356 planior
640 2262 810 2336 reddatur
825 2263 948 2341 locus,
974 2262 1034 2353 qui
1051 2262 1206 2336 habetur

134 2366 373 2454 inmanibus,
399 2364 642 2454 requiramus,
670 2363 858 2453 quomodo
876 2359 1076 2455 Apostolus
1093 2362 1206 2455 dicat,
1260 2426 1262 2430 ,

134 2465 274 2563 Legem
292 2464 452 2538 umbram
475 2463 606 2535 habere
621 2462 830 2535 futurorum
847 2463 1051 2554 bonorum,
1080 2460 1207 2534 &om-

137 2569 217 2656 nia‚
244 2581 325 2656 quae
344 2563 405 2634 vel
421 2561 465 2634 de
481 2561 605 2635 diebus
620 2560 735 2654 festis,
763 2561 824 2634 vel
842 2558 1013 2651 sabbatis,
1041 2563 1102 2633 vel
1114 2581 1208 2634 neo·

137 2665 265 2740 meniis
285 2662 413 2755 scripta
424 2660 516 2753 sunt,
543 2661 704 2735 umbram
721 2659 790 2734 effe
803 2673 981 2734 memoret
997 2660 1207 2735 futurorum

137 2765 347 2855 bonorum,
376 2762 414 2833 in
433 2761 487 2833 his
504 2758 657 2852 scilicet,
685 2780 762 2852 quae
780 2760 972 2834 secundum
988 2761 1127 2831 literam
1146 2781 1208 2856 ge·

137 2867 328 2939 rebantur:
356 2858 389 2932 &
408 2860 594 2950 quomodo
612 2881 759 2934 omnem
774 2876 940 2932 veterum
953 2860 1128 2930 culturam
1145 2880 1207 2932 ex·

139 2965 277 3057 empiar
296 2960 329 3032 u
348 2962 506 3032 umbram
524 2959 737 3051 pronuntiet
752 2957 821 3032 effe
838 2958 1037 3032 caelestium.
1091 2956 1211 3056 Quod

138 3066 266 3154 utique
288 3061 311 3134 sr
329 3059 379 3134 ita
399 3058 470 3149 est,
498 3059 736 3132 ostenduntur
754 3056 816 3129 sub
832 3060 956 3131 umbra
977 3058 1065 3151 legis
1086 3054 1209 3130 sediffe

139 3183 292 3252 omnes,
321 3160 534 3250 quicumque
554 3156 615 3230 sub
632 3160 710 3254 lege
725 3173 840 3239 erant,
868 3157 1077 3231 &umbram
1096 3158 1207 3253 magis
1258 3230 1266 3246 ,

140 3283 239 3334 verae
254 3260 343 3356 legis
356 3257 548 3332 habebant.
599 3258 637 3330 N
640 3280 681 3330 os
699 3272 817 3329 autem
832 3257 935 3329 alieni
945 3255 1060 3330 sumus
1071 3260 1115 3328 ab
1131 3277 1209 3329 um·

141 3364 206 3436 bra
221 3379 366 3451 eorum,
393 3360 561 3448 quoniam
575 3378 649 3430 non
667 3355 961 3451 sumussubiege‚
988 3354 1046 3429 sed
1058 3355 1120 3429 sub
1130 3376 1209 3451 gra·

139 3464 200 3536 tia.
242 3458 326 3546 ‚Sed
350 3459 512 3549 quamvis
540 3479 615 3530 non
642 3458 744 3530 irmus
769 3454 829 3528 sub
853 3457 978 3530 umbra
994 3455 1073 3547 illa,
1101 3475 1208 3548 quam

140 3562 229 3657 legis
247 3560 352 3632 litera
367 3555 535 3647 iaciebat,
564 3555 679 3630 sumus
696 3570 812 3629 tamen
829 3554 890 3629 sub
905 3558 1030 3628 umbra
1042 3557 1206 3652 meliore.

141 3659 181 3735 In
203 3659 332 3731 umbra
353 3657 445 3730 enim
470 3655 597 3729 Christi
620 3657 775 3728 vivimus
799 3656 892 3734 inter
904 3669 1041 3750 gentes.
1092 3652 1141 3728 Et
1156 3651 1208 3729 est

142 3756 328 3855 profedus
352 3757 511 3847 quidam,
538 3758 581 3827 de
597 3757 721 3828 umbra
739 3756 826 3852 legis
841 3756 966 3827 venire
982 3754 1024 3827 ad
1044 3757 1209 3829 umbram

144 3856 296 3934 Christi:
329 3870 388 3948 nt,
429 3856 509 3948 quia
530 3854 688 3928 Christus
710 3853 760 3926 est
776 3856 852 3927 vita
871 3856 1053 3927 &veritas
1073 3855 1106 3925 dt
1124 3854 1208 3945 via,

143 3957 337 4033 efficiamur
352 3957 469 4048 primo
487 3956 522 4028 in
540 3956 665 4029 umbra
685 3955 773 4043 via,
800 3955 832 4026 dt
852 3955 887 4027 in
903 3957 1027 4037 umbra
1047 3954 1146 4044 vita,
1173 3953 1210 4033 dr

141 4063 177 4133 in
195 4057 323 4131 umbra
339 4056 520 4146 veritatis,
547 4069 588 4127 ut
608 4055 955 4146 comprehendamus
970 4077 1015 4126 ex
1030 4067 1145 4147 parte,
1174 4051 1211 4124 dr

141 4162 176 4232 in
194 4156 343 4252 speculo
364 4177 405 4228 ac
421 4156 456 4227 in
470 4156 668 4249 enigmate,
694 4168 736 4224 ut
752 4154 831 4246 post
846 4157 936 4246 hac,
962 4153 986 4226 st
1001 4154 1207 4226 incedamus

142 4279 206 4358 per
223 4257 320 4332 hanc
335 4256 458 4353 viam,
484 4253 621 4351 quaest
634 4251 807 4430 firmus?
833 4253 1025 4352 pervenire
1040 4252 1209 4349 poffimus

702 4374 724 4434 2
1131 4372 1180 4430 m
1282 4415 1284 4419 .
