2734 4859
231 609 297 692 ὴ..
479 600 941 700 urinantes
1136 607 1225 714 ιη’

207 763 444 868 Vrefnrrrrr'i
459 774 538 864 ruri,
580 769 807 868 Frequenter
823 777 895 850 nos
908 760 1105 851 admonere
1116 755 1227 854 con-³

125 872 250 966 venit,
283 872 385 966 quod
401 871 545 948 lib'ellus
570 871 630 948 hic
647 872 687 948 in‘
705 871 855 978 modum
871 871 1038 950 dramatis
1054 873 1206 962 texitur.

124 971 288 1050 rresem
312 973 411 1048 enim
433 973 650 1066 versiculos,
689 993 795 1067 quem
817 971 1070 1068 proposuimus
1126 975 1205 1064 tale

127 1073 262 1167 aliquid
282 1072 438 1148 indicat:
467 1071 590 1166 quod,
631 1077 714 1146 'eum
744 1069 878 1165 sponse
894 1070 1022 1152 sermo
1046 1026 1136 1150 eset
1155 1073 1206 1154 td·

128 1170 417 1249 adolescentulas
433 1167 524 1246 filias
542 1168 784 1264 Hierusalem,
810 1169 929 1246 subito
948 1173 1044 1268 quan
1061 1173 1202 1252 emimus

127 1293 264 1348 vocem
275 1270 393 1367 sponli
410 1267 569 1366 senserit,
593 1271 687 1366 quali
706 1291 788 1346 cum
801 1272 978 1365 aliquibus
994 1268 1199 1368 loquentis:
1255 1349 1257 1354 .

122 1373 408 1468 interruptoque
430 1367 616 1465 sermone,
642 1391 750 1464 quem
769 1363 925 1468 faciebat
938 1369 1202 1449 adadolescen·

123 1473 244 1566 ullas,
269 1468 396 1566 sponsa
412 1489 535 1547 aurem
553 1465 783 1546 converterit
800 1469 845 1546 ad
865 1465 1049 1570 audinum,
1074 1473 1136 1568 qui
1153 1471 1200 1550 ad

123 1591 210 1648 eum
221 1585 459 1668 pervenerat,
485 1568 686 1646 &dixerita
717 1575 789 1648 Vox
797 1570 951 1666 frarem?
958 1577 1031 1650 mei.
1082 1569 1200 1667 Spon·
1243 1553 1254 1587 ¹

124 1669 203 1746 sum
222 1689 319 1745 vero
342 1669 507 1768 intellige
523 1669 823 1768 primoquidem,
847 1688 1038 1765 antequam
1051 1671 1199 1766 appares

120 1784 183 1845 ret
203 1768 502 1868 oculir'sponsae,
539 1783 637 1846 vnce
662 1770 697 1844 ei
725 1767 800 1846 sola
816 1772 994 1870 agnitum:
1018 1769 1103 1868 poll
1117 1770 1196 1876 hac

121 1889 221 1946 vero
240 1868 350 1945 etism
366 1866 614 1964 conspettibos
630 1870 706 1964 eius
721 1869 918 1965 apparuisse
931 1868 1036 1966 super
1050 1886 1196 1954 montes

118 1965 302 2064 quosdam
315 1971 461 2044 vicinos
475 1969 527 2042 illi
540 1971 650 2066 loco,
675 1970 802 2063 inquo
818 1967 1195 2070 sponsamorqbrtur3

119 2067 332 2163 salientem,
369 2069 406 2144 nr
436 2069 572 2168 magnis
602 2068 813 2164 quibusdam
841 2065 1015 2148 nontam
1044 2067 1196 2164 paffibup
1270 2077 1272 2082 '

124 2189 231 2264 quam
251 2169 397 2262 saltibus
417 2169 532 2244 colles
548 2181 766 2263 montesque
791 2169 830 2246 in
845 2169 995 2246 modum
1016 2168 1119 2248 cervi
1133 2167 1197 2258 vei

121 2289 265 2366 caprea
285 2266 623 2364 transcendentem,
649 2265 749 2352 ,delta
771 2267 817 2345 ad
833 2267 994 2364 sponsam
1007 2265 1104 2344 suam
1118 2287 1197 2356 om·

118 2370 160 2446 ni
181 2389 268 2444 eum
294 2369 555 2465 properatione
578 2369 800 2446 venientem.
843 2367 926 2446 Ubi
947 2388 1039 2445 vero
1062 2353 1107 2444 ad
1129 2367 1198 2446 dn·

120 2489 244 2562 nrum,
273 2469 370 2544 intra
390 2489 496 2561 qnam
521 2465 647 2563 sponsa
670 2470 986 2561 commorabatur,
1022 2466 1195 2562 advenit,

120 2567 257 2644 stetiss'e
275 2569 556 2661 eum'paululum
574 2569 734 2666 intellige
756 2567 839 2662 post
862 2568 1031 2662 domum,
1057 2568 1127 2663 ita,
1152 2579 1197 2642 ut

119 2667 316 2744 sentiretur
336 2667 479 2761 quidem
493 2666 819 2762 adesse,.nondum
837 2682 955 2742 tamen
972 2667 1119 2743 domum
1134 2689 1197 2760 pa·

119 2769 193 2844 lam
209 2769 327 2842 vellet
343 2766 378 2840 dr
393 2767 582 2841 evidenter
592 2769 741 2860 intrare,
767 2764 908 2862 seprius
922 2765 1088 2861 qualisub
1100 2765 1195 2861 am'af

118 2867 215 2942 toris
232 2863 351 2961 specie
366 2884 430 2961 per
445 2865 615 2942 fenestras
633 2865 791 2961 aspicere
806 2868 903 2940 velle
914 2863 1085 2961 sponsam.
1128 2863 1195 2944 In·

118 2967 245 3065 tellige
261 2980 381 3042 autem
391 2968 484 3040 retia
495 2967 653 3059 quedam
671 2987 788 3059 prope
797 2967 944 3066 domum
954 2963 1103 3059 sponsa,
1130 2979 1194 3041 aut

119 3068 275 3160 laqueos
295 3065 366 3143 elle
382 3068 541 3161 positos,
569 3082 632 3149 ut,
657 3065 681 3139 fi
701 3066 800 3156 forte
815 3063 900 3161 ipsa,
928 3068 990 3139 vel
1009 3066 1125 3158 aliqua
1136 3061 1194 3138 so·

118 3167 256 3244 delium
276 3166 354 3264 ejus
372 3187 420 3240 ex
438 3162 576 3240 filiabus
597 3164 817 3239 Hierusalem
838 3164 1028 3257 aliquando
1045 3161 1191 3257 exisset,

119 3279 326 3363 caperetur.
377 3262 438 3338 Ab
454 3263 518 3345 ista
539 3285 632 3338 vero
647 3267 739 3338 retia
754 3261 888 3363 uenisse
907 3262 1090 3358 sponsum,
1102 3283 1193 3337 ·cer·

119 3379 200 3442 tum
219 3365 292 3441 est:
319 3364 379 3456 qui
397 3371 477 3439 cum
494 3365 573 3457 capi
592 3364 636 3438 ab
658 3365 710 3439 eis
725 3383 802 3436 non
820 3361 952 3458 posset,
978 3362 1037 3437 sed
1057 3363 1193 3437 fortior

121 3485 256 3541 eorum
276 3461 448 3557 effeetus,
465 3463 658 3557 “diruperit
671 3461 744 3561 ipsa
759 3464 874 3553 retia,
901 3461 1124 3556 diruptisque
1140 3459 1193 3535 eis

119 3563 226 3661 snper
238 3563 491 3659 ipseincedens
506 3566 613 3637 etiam
627 3584 691 3658 per
699 3559 771 3656 ipsa
782 3561 1024 3657 prospexerit:
1050 3559 1192 3657 depost·
1209 3603 1215 3621 ι
1234 3609 1236 3614 -
1257 3616 1259 3619 .

120 3685 227 3759 quiam
250 3666 325 3739 hoc
347 3683 440 3759 opus
461 3663 609 3756 fecerit,
642 3663 739 3736 dicat
762 3663 804 3735 ad
826 3657 1006 3756 sponsam:
1041 3661 1191 3756 Exurge,

119 3771 200 3840 ueni
208 3768 359 3863 proxima
375 3788 457 3849 mea,
475 3762 590 3859 sponsa
607 3788 692 3849 mro,
716 3763 959 3834 columbenses:
985 3760 1192 3852 hocatttem

120 3865 239 3961 dicat,
274 3876 318 3938 ut
333 3861 411 3957 ipso
430 3882 543 3955 opere
569 3862 735 3936 ostendat
751 3861 806 3953 ei,
839 3860 1028 3954 quomodo
1048 3880 1128 3936 cum
1150 3855 1193 3934 fi·
1221 3885 1226 3896 ·

120 3965 226 4040 ducis
247 3963 381 4039 debeat
397 3977 634 4064 contemnere
649 3964 721 4058 jam
738 3961 851 4054 retia,
876 3980 956 4055 quae
974 3962 1008 4033 ei
1027 3960 1191 4034 tetende-

120 4065 384 4156 termiminos,
410 4082 481 4136 net
498 4064 623 4138 timeat
634 4062 807 4154 laqueos,
833 4079 925 4154 quos
939 4061 984 4134 ab
998 4057 1034 4133 se
1051 4058 1192 4149 jamvi·

122 4164 225 4239 derat
242 4159 314 4239 effe
335 4162 523 4256 diruptos:
548 4160 734 4254 &adhuc,
753 4175 802 4240 ‚ut
817 4162 966 4255 amplius
982 4158 1025 4234 ad
1041 4156 1076 4232 se
1088 4154 1193 4251 spon·

123 4259 584 4364 improvocetfestinare,
599 4259 707 4336 dicat
721 4262 773 4338 ei:
802 4260 899 4367 Quia
912 4270 1194 4354 omnetempus,

604 4357 690 4460 0’3
790 4421 804 4449 „
1054 4355 1163 4459 quod
