2734 4859
436 653 936 752 PROLOGUS.¹
1162 689 1208 766 ῃ

141 819 194 894 lam
210 819 247 892 ἀ
270 819 524 894 incitamenta
539 818 738 912 sumentes,
764 819 839 894 live
852 823 1125 900 incontinentiae
1138 829 1209 908 suae

141 925 286 994 lelamen
320 919 463 1010 scripta
493 935 658 993 veterum
684 920 927 1010 preferentes.
980 925 1040 998 Ne
1062 930 1207 1024 ergo&

141 1025 277 1096 nostele
295 1020 443 1110 aliquid
458 1019 701 1116 incurramus,
729 1041 792 1110 ea,
820 1043 896 1112 quae
911 1045 930 1096 a
947 1027 1130 1100 veteribus
1146 1033 1205 1103 be·

141 1119 209 1192 oe&
229 1119 457 1212 spiritaliter
473 1117 602 1210 scripta
621 1117 720 1211 sunt,
748 1121 878 1194 vitiose
894 1121 927 1194 u
941 1127 1130 1199 carnaliter
1147 1129 1207 1216 ad,-

141 1237 338 1299 rmentes,
368 1219 640 1312 tamcorporis,
668 1239 771 1310 quam
791 1221 912 1293 animae
925 1223 1055 1296 nostrae
1069 1227 1203 1316 palmas

141 1321 397 1414 protendamus
414 1319 458 1392 ad
473 1319 613 1411 Deum,
639 1332 680 1390 ut
696 1319 897 1414 Dominus,
925 1324 985 1412 qui
1002 1323 1101 1396 dedit
1123 1346 1205 1397 ver·

141 1417 203 1492 bom
222 1419 574 1515 evangelizantibus
591 1421 727 1492 virtute
745 1419 882 1511 multa,
909 1421 1075 1495 donet&
1096 1427 1203 1498 nobis

141 1519 335 1592 illvirtute
366 1517 427 1590 sua
451 1521 623 1610 verbum,
651 1539 725 1609 quo
752 1517 917 1613 possimus
952 1543 996 1592 er
1024 1523 1097 1614 bis,
1124 1545 1203 1614 quae

141 1615 251 1710 bripta
267 1619 383 1711 sunt,
410 1619 628 1691 intellettom
648 1617 788 1708 sanum,
817 1618 911 1691 &ad
928 1617 1204 1698 edificationem

141 1719 313 1810 pudicitiae
329 1735 477 1811 aptum,
502 1719 564 1789 vel
580 1719 715 1790 nomini
729 1719 812 1812 ipsi,
840 1720 899 1791 vel
916 1735 1051 1792 naturae
1071 1722 1202 1795 amoris

141 1815 337 1893 ostendere.
374 1817 416 1890 ln
430 1818 605 1912 principio
617 1822 815 1891 verborum
831 1818 945 1907 Mosr,
972 1821 1031 1892 ubi
1048 1821 1202 1894 demum

141 1915 405 1992 liconditione
425 1915 680 2010 conscribitur,
708 1918 799 1990 duos
819 1918 1022 1991 invenimus
1037 1919 1211 2004 homines¹

141 2035 272 2092 neatos
298 2015 442 2091 referri.
471 2016 655 2090 ·Primum
680 2017 723 2089 ad
742 2018 929 2113 imaginem
953 2017 986 2089 &
1010 2017 1203 2091 similitudi·

141 2135 207 2192 nem
224 2119 303 2191 Dei
313 2117 470 2207 saelum,
492 2114 682 2190 secundom
697 2119 813 2191 elimo
831 2131 935 2190 terrae
948 2115 1089 2191 facium.
1115 2116 1203 2192 Hoc

141 2215 258 2291 Paulus
286 2217 476 2311 apostolus
500 2217 594 2288 bene
613 2215 745 2298 sciens,
779 2219 813 2290 dc
833 2218 876 2290 ad
899 2218 1071 2309 liquidum
1092 2218 1129 2290 in
1146 2215 1202 2290 his

141 2319 317 2406 nuditus,
348 2318 385 2388 in
412 2315 477 2386 suis
498 2317 610 2389 literis
629 2317 785 2409 apertius
807 2315 840 2388 u
865 2319 1068 2390 evidentius
1094 2319 1201 2390 binos

141 2415 200 2488 eise
218 2419 254 2489 u
276 2437 347 2510 per
369 2417 523 2510 singulos
549 2436 712 2508 quosque
740 2418 904 2490 homines
935 2415 1079 2510 scripsit.
1142 2409 1203 2490 sie

141 2519 226 2590 enirn
251 2517 371 2589 dixit:
407 2519 496 2587 Nom
508 2516 538 2611 fi
559 2524 604 2604 is,
631 2526 688 2614 qui
703 2517 790 2608 foris
812 2518 877 2613 est,
910 2518 997 2589 homo
1019 2518 1116 2613 mfler
1137 2541 1203 2587 cor·

142 2623 324 2710 rumpitur,
351 2615 400 2698 sed
413 2619 478 2700 ise,
505 2625 559 2713 qui
575 2622 668 2686 inlus
683 2618 739 2714 eft,
768 2634 943 2687 renovatur
957 2621 992 2688 de
1005 2619 1054 2688 die
1063 2623 1098 2686 in
1109 2619 1201 2689 diem.

141 2713 359 2789 litterum:
396 2717 593 2787 Condeleiior
611 2724 695 2787 enim
718 2719 778 2810 legi
805 2722 867 2787 Dei
879 2718 1046 2803 secundum
1069 2722 1203 2787 interio-

143 2841 198 2886 rem
213 2819 402 2902 hominem,
430 2815 535 2889 &his
554 2816 675 2891 similia
696 2832 827 2907 quamta
847 2815 1066 2889 conscribit?
1093 2817 1202 2889 Unde

141 2933 249 3010 puto,
269 2916 455 2989 neminem
467 2918 538 3008 jam
551 2917 681 2990 debere
697 2919 878 3008 dubitare,
894 2918 1003 3007 quod
1020 2916 1140 2987 Moses
1159 2916 1205 2989 de

141 3017 296 3091 duorum
322 3016 508 3090 hominum
531 3015 663 3088 sailura
686 3020 744 3088 vel
767 3013 939 3110 figmento
966 3014 1140 3107 scripserit
1165 3016 1203 3088 in

141 3117 321 3209 principio
349 3114 523 3208 Genesis,
559 3138 639 3189 cum
658 3116 780 3188 videat
801 3116 969 3205 Paulum,
998 3116 1055 3205 qui
1078 3115 1205 3188 melius

141 3219 290 3308 otique,
320 3236 425 3307 quam
443 3237 531 3307 nos,
555 3217 779 3311 intelligebat
794 3238 856 3306 ea,
885 3236 960 3306 quae
976 3238 994 3286 a
1010 3212 1115 3286 Mose
1126 3213 1206 3286 scri·

141 3329 200 3407 pta
220 3315 337 3407 sunt,
372 3315 462 3386 duos
485 3316 648 3388 homines
673 3314 742 3387 elle
761 3336 825 3409 per
843 3316 999 3408 smgulos
1020 3334 1204 3406 quosque,

141 3415 337 3488 dicentem.
391 3416 557 3512 Quorum
571 3436 700 3505 unum,
728 3414 852 3505 idest,
880 3414 1086 3486 interiorem
1099 3433 1208 3484 reno-

141 3517 215 3588 vari
235 3535 306 3608 per
316 3515 471 3609 singulos
487 3514 561 3587 dies
572 3531 766 3587 memorat:
793 3516 943 3586 alterum
959 3533 1071 3605 vcro,
1091 3511 1206 3602 idest,

143 3617 367 3687 exteriorem
390 3614 426 3683 in
449 3615 658 3703 quibusdam
677 3613 823 3700 senilis,
857 3613 1067 3705 dotalibus,
1095 3613 1206 3701 qualis

143 3731 219 3786 erat
234 3714 391 3803 Paulus,
419 3715 600 3806 eorrumpi
616 3715 782 3806 perhibet
803 3714 836 3783 &
861 3709 1040 3785 infirmari.
1094 3709 1207 3806 Quod

144 3813 295 3886 salicui
314 3813 499 3884 videbitur
516 3812 559 3884 de
577 3814 650 3884 hoc
668 3813 784 3884 adhuc
800 3811 931 3902 aliquid
952 3812 1208 3903 dubitandum,

143 3915 178 3986 in
194 3916 291 3988 locis
311 3913 468 4005 propriis
482 3914 607 3984 melius
628 3911 887 4004 explanabitur.
938 3909 1049 3981 Nunc
1067 3925 1208 4000 autem,

145 4029 297 4106 propter
319 4013 403 4104 quid
426 4014 633 4085 memoriam
654 4011 844 4084 fecerimus
861 4010 1042 4081 interioris
1059 4008 1092 4079 &
1111 4021 1211 4080 exte·

145 4115 248 4186 rioris
271 4113 457 4203 bominis,
493 4110 758 4206 prosequamur.
825 4108 1024 4180 Ostendere
1047 4108 1141 4179 enim
1164 4128 1211 4181 ex

147 4213 198 4288 bis
215 4215 407 4296 volumus,
426 4211 526 4302 quod
541 4210 860 4304 scripturisdivinis
871 4205 1210 4302 perhomonymias,

148 4313 275 4414 idest,
292 4335 358 4411 per
371 4312 507 4416 similes
525 4312 801 4405 appellationes,
827 4309 904 4388 imo
915 4329 984 4411 per
1005 4307 1134 4387 eadem
1148 4332 1220 4392 vo·

631 4405 671 4478 Ε
689 4428 719 4498 5
1064 4419 1178 4500 cabu-
