2734 4859
335 615 1004 717 '³HOM1'Lr'·l1'.³'²²
1075 663 1123 736 aa

141 800 332 876 dicantur.
390 798 529 898 Regina
548 799 667 874 Austri
692 803 794 875 venit
815 823 835 876 a
860 799 990 882 finibus
1016 815 1125 880 terrae

141 901 215 988 iia,
243 900 281 973 dt
306 899 526 974 condemnat
541 901 704 974 homines
728 905 970 997 generationis
992 905 1095 996 hujus
1105 937 1122 1000 ,·

141 1009 170 1094 i,
197 1000 354 1098 Judaeos
375 1002 470 1073 carni
488 1001 521 1071 de
538 998 695 1096 sanguini
710 1001 879 1076 dedimam
904 1001 1121 1078 Venite-fi-

141 1117 297 1192 rterrae,
323 1099 447 1174 audue
460 1099 899 1193 sapientiam-Salomonis,
917 1123 994 1174 non
1009 1105 1123 1201 illius,

141 1223 160 1274 n
178 1199 404 1274 testamento
422 1201 540 1274 veteri
561 1201 800 1293 predicatur,
828 1199 885 1275 sed
904 1203 1030 1295 hujus,
1058 1205 1119 1296 qui

144 1301 299 1398 angelio
316 1299 510 1374 Salomone
525 1302 639 1394 major
658 1299 720 1378 est.
758 1305 867 1393 Nigra
882 1302 967 1383 fam,
993 1305 1035 1387 ω’
1048 1311 1068 1392 J
1104 1325 1119 1366 ;

141 1402 233 1492 filiae
264 1401 491 1491 Hierusalem,
526 1407 620 1496 nigra
642 1403 735 1472 velie!
760 1403 965 1472 ralamacaia
981 1405 1115 1498 -Caiar,

141 1499 193 1588 sa,
223 1517 265 1571 aar
277 1501 369 1598 pelles
383 1503 569 1574 Salaminii
621 1498 697 1594 lpse
712 1502 1119 1594 quoque‘nominacum

141 1599 179 1673 iae
198 1601 343 1674 decore
359 1605 595 1676 conveniunt
623 1600 741 1675 Aiunt
754 1601 918 1694 Hebraei,
937 1601 1053 1674 Cedat
1064 1605 1119 1677 in·

141 1703 242 1774 erari
255 1707 434 1776 tenebras.
482 1701 597 1800 Nigra
610 1701 683 1776 sum
701 1721 811 1797 ergo,
838 1715 879 1772 ut
890 1702 1119 1776 tabernacula

142 1822 184 1894 r,
210 1817 258 1873 ut
273 1797 487 1897 AEthiopeat
513 1797 688 1898 speciosa,
714 1819 756 1873 ut
775 1802 889 1893 pelles·
899 1800 1125 1902 Salomonis,

153 1921 206 1974 eo
231 1917 403 1994 tempore
422 1904 459 1974 in
486 1901 705 1975 tabernaculi
729 1917 946 1974 ornamento
967 1921 1116 1994 compo·

162 1999 318 2092 quando
336 2003 508 2095 templum
526 2000 661 2076 summo
680 2001 797 2076 studio
816 1999 992 2073 &labore
1012 2000 1118 2072 fabri-

141 2099 230 2174 rest„
266 2099 381 2174 Dives
398 2103 530 2196 quippe
541 2103 736 2194 Salomon,
764 2101 797 2174 dt
815 2100 852 2172 in
869 2101 968 2173 omni
985 2097 1118 2193 sapien·

141 2203 210 2272 lius
229 2213 340 2274 nemo
353 2201 521 2294 precellit
540 2202 650 2276 illum.-
705 2205 813 2296 Nigra
821 2201 907 2290 sam,
933 2199 1118 2295 &speciosa

141 2299 368 2390 Hierusalem,
392 2317 429 2372 art
453 2303 657 2374 tabernacula
677 2305 793 2389 Celae,
820 2316 858 2371 ru
867 2301 961 2398 pelles
978 2300 1118 2372 Salama-

167 2403 225 2472 Ne
242 2407 438 2471 intueamini
459 2428 523 2484 me,
550 2408 625 2500 quia
637 2403 768 2495 egestam
782 2405 958 2494 denigrata.
1008 2397 1118 2473 Satis·

159 2501 207 2571 de
230 2502 378 2596 nigrore
393 2501 476 2594 suo,
503 2503 536 2573 dr
555 2523 621 2592 per
638 2502 882 2594 poenitentiam
909 2501 950 2572 ad
967 2500 1116 2574 meliora

141 2599 232 2670 'ersa
254 2603 466 2693 annunciat,
493 2601 527 2674 se
547 2599 685 2674 filiabus
702 2599 805 2675 lsrael
823 2602 956 2695 nigram
974 2600 1117 2690 quidem

178 2699 239 2772 sed
265 2702 469 2792 pulchram,
496 2700 687 2774 secundum
708 2701 806 2792 qnod
825 2698 982 2797 superius
1004 2720 1116 2791 expo-

141 2821 205 2893 ιιε,
236 2799 269 2871 δι
285 2800 390 2874 dicit:
416 2805 470 2875 Ne
488 2807 684 2872 intueamini
698 2825 761 2876 me,
787 2807 864 2897 quia
881 2823 931 2893 ega
946 2801 1011 2880 lum
1029 2803 1118 2869 leni-

141 2943 151 2970 a
205 2897 288 2980 Ne,
315 2901 453 2993 inquit,
480 2902 719 2990 admiremini,
746 2902 880 2972 coloris
898 2897 968 2971 elle
986 2920 1043 2970 me
1063 2913 1116 2971 te·

146 2997 203 3070 sol
221 2998 381 3090 despexit
409 3023 477 3075 me.
529 3001 639 3073 Pleno
661 3001 792 3094 quippe
813 2998 914 3070 radio
937 2999 971 3069 in
992 3021 1048 3070 me
1065 3000 1117 3071 lu·

141 3119 153 3169 r
187 3096 239 3169 sui
270 3098 390 3196 fulgor
420 3101 626 3191 illuxit‚·ut
645 3101 720 3190 ejus
743 3099 802 3172 sim
825 3100 946 3170 calore
970 3096 1115 3173 fuscata.

141 3217 185 3268 ue
209 3198 327 3289 enim,
359 3209 401 3269 ut
420 3201 613 3291 decuerat,
639 3215 678 3270 ut
700 3197 781 3272 solis
801 3198 951 3293 dignitas
970 3211 1118 3289 expete·

174 3297 271 3370 illius
294 3297 330 3370 in
355 3321 411 3371 me
437 3301 557 3372 lumen
579 3300 733 3391 excepi:
766 3300 889 3368 licinia
908 3321 1011 3368 earam
1026 3298 1118 3386 fallu

141 3398 199 3465 brar
206 3393 303 3487 fabia
312 3397 368 3491 ‘sti
394 3399 427 3470 δι
440 3396 594 3485 rursum,
626 3400 850 3468 incredulitate
859 3404 1004 3491 gentium
1010 3396 1117 3488 scien·

141 3498 229 3568 ‘rael
278 3497 400 3570 Habes
420 3513 610 3589 utrumque
627 3499 720 3592 apud
745 3497 972 3592 Apostolum.

147 3653 158 3673 .
193 3597 276 3665 Filii
291 3603 408 3669 malrr'r
422 3623 492 3668 meae
502 3616 733 3694 pugnaverunt
752 3599 914 3678 adversum
933 3623 989 3668 me.
1019 3592 1117 3668 Con·

142 3696 297 3776 andum,
321 3698 509 3788 quomodo
524 3696 647 3792 sponsa
668 3698 779 3770 dicat:
809 3701 889 3768 Filii
906 3702 1020 3768 marris
1043 3709 1122 3774 mea·

141 3812 283 3866 averunt
298 3799 464 3884 adversum
477 3821 540 3867 me:
568 3798 757 3888 &qnando
771 3796 937 3870 adversus
958 3819 1033 3869 eam
1048 3795 1116 3868 fra·
1169 3839 1182 3864 .

141 3927 145 3967 ι
164 3917 287 3992 pugna
303 3895 463 3972 surrexit.
501 3897 599 3969 Vide
619 3896 763 3970 Paulum
784 3896 938 3969 ecclesiae
952 3896 1117 3989 persecu·

141 4019 192 4086 m,
222 3995 257 4068 dr
277 3997 478 4093 intelliges,
505 3998 693 4089 quomodo
714 3994 806 4068 filius
821 3997 942 4069 matris
962 3998 1036 4087 ejus
1053 4013 1118 4084 pu·

141 4097 218 4166 'crit
239 4095 426 4171 adversum
447 4119 535 4171 eam.
578 4094 837 4176 ‚Persecutores
861 4095 1015 4167 ecclesiae
1038 4112 1118 4186 ege·

150 4191 420 4289 paenitentiam,
449 4198 482 4269 δι
505 4193 694 4268 adversarii
709 4198 784 4288 ejus
802 4194 937 4268 rursum
954 4194 996 4265 ad
1017 4192 1118 4264 soro·

142 4316 214 4396 gna
236 4297 426 4390 converfi,
449 4295 741 4391 predicaverunt
753 4293 861 4377 fidem
868 4347 882 4386 ‚
911 4316 1018 4395 quarn
1037 4305 1127 4376 anie

518 4391 555 4463 C
569 4413 600 4482 5
914 4401 1082 4488 destrue·
