2734 4859
646 747 719 774 “·
784 739 1905 824 ·n.oM·1L1A·,xrx-.
1987 745 2072 782 -·
2295 743 2442 843 692

312 908 708 1008 iniquitatis
742 907 1231 1000 devenerant,
1284 917 1369 980 ut
1405 901 1946 1000 subsannarent,
1998 903 2450 1000 deriderent,

312 1012 773 1101 ludibrioque
796 1009 1181 1096 haberent,
1230 1004 1281 1082 fi
1308 1007 1596 1099 quando
1631 1004 1996 1104 Propheta
2013 1007 2445 1102 prooemium

313 1111 701 1183 adhibebat
732 1109 1235 1203 propheticum
1268 1104 1488 1180 istud:
1545 1110 1696 1178 Haec
1719 1110 1876 1180 dicit
1901 1110 2243 1188 Domuum.
2309 1106 2446 1210 ‘lr-

312 1210 648 1282 ridebant
680 1208 1095 1299 audientes,
1145 1205 1213 1280 δι
1250 1205 1765 1282 subsannabant
1802 1227 1958 1301 quoe
1987 1205 2438 1286 dicebantur.

314 1311 466 1407 Qui
514 1309 860 1401 deceptus
912 1307 1191 1401 fuerat,
1244 1308 1360 1379 cui
1413 1305 1604 1380 fraus
1641 1307 1936 1382 utilitati
1979 1305 2262 1401 fuerat,
2312 1328 2444 1382 ve-

310 1411 606 1482 rebatur
659 1407 936 1481 dicere:
994 1411 1143 1479 Hac
1179 1407 1339 1478 dicit
1397 1409 1735 1484 Dominus.
1909 1407 2330 1484 niamobrem
2366 1405 2439 1482 ὰ

308 1506 465 1600 ipse
511 1508 775 1580 volens
822 1506 1154 1601 decipere
1194 1505 1265 1580 δι
1305 1504 1736 1600 decipiendo
1775 1507 1878 1580 uti
1910 1506 2154 1582 itatem
2210 1507 2446 1601 perei-

312 1627 520 1704 pere‚
550 1605 816 1680 aiebat:
850 1626 1053 1681 meoa
1074 1604 1438 1682 sermones
1467 1626 1812 1701 propono
1840 1607 2084 1692 vobis,
2102 1609 2443 1699 quoniam
2493 1599 2512 1620 ⁸

312 1704 682 1782 sermones
748 1705 1046 1782 Domini
1111 1725 1264 1782 non
1332 1707 1610 1780 auditis.
1713 1703 2134 1780 Praebebant
2183 1705 2444 1782 deinde

306 1804 415 1882 illi
450 1826 653 1880 aures
683 1818 1019 1898 tanquam
1054 1802 1500 1882 sermonibus
1529 1807 1853 1903 Jeremiae
1875 1858 1902 1900 ,
1956 1805 2024 1880 δι
2052 1809 2278 1882 verba
2301 1804 2444 1884 Dei

310 1904 720 1980 audiebant.
790 1905 969 1982 Hoec
999 1906 1171 1982 mihi
1208 1905 1540 1998 dicebat,
1592 1905 1712 2000 qui
1740 1906 1935 1980 hunc
1961 1906 2203 1982 locum
2237 1925 2444 1981 enar·

316 2006 533 2097 ebat,
602 2005 1009 2080 examinans
1075 2006 1420 2100 prooemia
1483 2003 1554 2078 δι
1609 2005 2152 2099 prophetiarum
2217 2008 2439 2090 initia.

309 2103 724 2198 Prophetiae
774 2106 989 2201 igitur
1032 2105 1353 2200 Jeremiae
1403 2104 1682 2180 initium
1729 2105 1916 2198 apud
1965 2125 2104 2180 nos
2155 2106 2441 2199 quidem

313 2205 463 2278 tale
520 2203 677 2297 est,
740 2206 949 2297 quale
990 2206 1338 2281 exhibent
1371 2203 1890 2304 Septuaginta,
1959 2206 2132 2298 qui,
2195 2204 2441 2281 nescio

308 2302 529 2396 quid,
580 2305 654 2378 in
694 2319 937 2378 mente
973 2306 1406 2398 habuerint,
1473 2325 1638 2382 cum
1684 2317 2108 2381 verterunt:
2171 2306 2448 2396 Verbum

312 2409 487 2497 Dei,
538 2405 696 2500 quod
725 2401 985 2497 fastum
1030 2405 1110 2504 eft
1148 2408 1229 2478 ad
1280 2409 1634 2502 Jeremr'am
1654 2401 1883 2495 filiun
1929 2405 2194 2478 chelcia
2229 2409 2302 2478 de
2324 2407 2440 2498 sa·

305 2505 656 2576 certioribus
686 2553 711 2587 ,
764 2503 880 2577 sed
914 2508 989 2579 in
1027 2519 1238 2580 textu
1286 2505 1636 2579 hebraico
1671 2503 1742 2578 δι
1779 2501 2066 2598 reliquis
2106 2503 2441 2583 editioni·

307 2606 451 2684 bus
497 2604 852 2677 habetur:
930 2605 1135 2680 Verba
1176 2608 1475 2704 Jmmiae
1502 2604 1645 2696 filii
1685 2604 1956 2677 chelcia
1982 2649 2004 2690 ‚
2070 2603 2137 2678 δι
2180 2627 2438 2684 omnes

310 2703 777 2778 consentiunt
807 2704 1158 2780 dicendo:
1222 2707 1430 2780 Verba
1475 2707 1932 2801 Jemm'aefilii
1966 2705 2244 2784 Chalcia.
2297 2705 2442 2784 Sed

310 2822 445 2878 cur
468 2803 660 2876 verba
694 2807 1031 2902 Jeremiae?
1086 2807 1451 2902 Quoniam
1485 2826 1646 2880 cum
1677 2825 1846 2898 eoa,
1897 2807 2018 2898 qui
2040 2803 2443 2886 sermonem

311 2901 559 2978 audire
598 2907 947 2978 nolebant
976 2959 1001 2996 ,
1055 2907 1600 2999 alloqueretur,
1649 2906 2074 2998 prooemium
2109 2906 2208 2980 ini
2256 2901 2437 2983 suit:

312 3003 557 3079 Audite
592 3004 903 3091 sermones
953 3030 1132 3076 meos.
1233 2999 1333 3078 Et
1377 3024 1516 3078 nos
1555 3003 1989 3096 quandoque
2032 3004 2222 3080 idem
2269 3003 2444 3080 faci·

312 3124 519 3196 mus,
575 3125 736 3178 cum
780 3103 848 3175 id
877 3101 1024 3177 usui
1058 3103 1272 3178 nobis
1312 3101 1454 3177 effe
1479 3101 1792 3178 videtur.
1891 3101 2442 3198 Nonnunquam

315 3204 409 3278 eb
444 3203 744 3278 ethnicis
776 3203 1133 3278 sermones
1159 3215 1608 3294 mutuamur,
1653 3215 1739 3276 ut
1770 3200 1936 3276 iilos
1967 3201 2054 3277 ad
2083 3199 2293 3280 fidem
2327 3206 2445 3280 ad·

315 3303 709 3397 ducamuS,
776 3305 841 3375 &
893 3325 1051 3377 cum
1097 3302 1486 3378 viderimus
1533 3321 1666 3378 eoa
1712 3300 1813 3377 ita
1853 3323 1892 3376 a
1933 3301 2443 3382 christianismo

318 3401 659 3493 aversos,
710 3420 793 3475 ut
828 3405 951 3478 vel
988 3401 1210 3497 ipsum
1252 3422 1522 3480 nomen
1555 3415 1988 3492 execrentur
2015 3402 2083 3477 δι
2115 3403 2445 3489 oderint,

319 3503 373 3578 si
417 3503 768 3576 audierint
808 3501 1349 3576 christianorum
1411 3499 1550 3576 esse
1589 3499 2034 3584 sermonem,
2099 3524 2252 3580 non
2291 3525 2442 3602 prae

317 3602 537 3680 nobis
598 3601 885 3676 ferimus
930 3601 1380 3678 christianum
1439 3600 1596 3674 utili
1644 3598 1950 3678 sermoni
1994 3603 2442 3698 proferendo

322 3699 465 3776 effe
513 3701 903 3795 idoneum,
958 3702 1073 3776 sed
1125 3723 1287 3776 cum
1336 3700 1687 3792 ejusmodi
1755 3699 1986 3776 sermo
2055 3724 2190 3798 pro
2253 3707 2446 3784 virili

324 3801 547 3876 fuerit
584 3824 623 3876 a
653 3803 865 3875 nobis
904 3801 1246 3876 stabilitus
1274 3853 1301 3894 ,
1354 3801 1420 3874 ἀ
1461 3801 1850 3882 viderimus
1879 3803 2211 3896 cupidu'm
2251 3807 2446 3884 audi-

325 3914 565 3974 torem
602 3923 753 3976 non
788 3904 1067 3999 vulgari
1099 3902 1368 3994 modo,
1421 3899 1535 3984 id,
1589 3900 1785 3994 quod
1823 3900 2128 3995 dicitur,
2179 3903 2447 3980 auscul-

326 4013 637 4091 tantem,
688 4015 864 4075 tunc
893 3998 1327 4089 eonfitemur
1358 4000 1990 4076 hunelaudabiiem
2018 4001 2446 4100 sermonem,

328 4097 867 4176 christianorum
921 4100 1060 4178 effe
1106 4099 1503 4176 sermonem
1534 4153 1560 4192 ,
1614 4100 1678 4174 δι
1715 4100 1931 4175 {imile
1967 4101 2323 4198 quidpiam
2350 4105 2449 4182 fa-

330 4202 593 4284 cimuS,
648 4216 728 4271 ut
759 4201 860 4290 is,
916 4201 1031 4294 qui
1064 4199 1294 4293 dixit,
1345 4221 1498 4273 non
1531 4199 1799 4275 statim:
1859 4205 2006 4272 Haec
2037 4205 2190 4275 dicit
2229 4208 2448 4278 Donet·-

329 4327 501 4390 nus‚
557 4296 715 4392 sed,
768 4302 1007 4374 audite
1045 4299 1452 4391 sermoneS,
1506 4322 1692 4392 quos
1727 4321 1865 4398 ego
1896 4302 2062 4375 dico
2083 4303 2450 4399 Jeremiaa.

332 4401 513 4480 Haec
552 4415 858 4504 propter
892 4399 1124 4500 illudz·
1164 4399 1404 4577 Fac-213}
1430 4397 1574 4495 supa
1619 4407 1696 4478 in
1731 4405 2018 4498 derisum.
2121 4401 2226 4480 Et.
2257 4427 2478 4572 ως,

1429 4522 1480 4576 X
1534 4522 1572 4594 S
