2734 4859
85 182 1236 454 —-

452 613 819 724 nomme
869 615 897 696 1.
1068 584 1251 721 ‚359⁴

146 777 233 853 tium
261 773 328 851 suae
353 774 472 892 diuisit
491 778 638 876 gloriae:
675 779 790 872 Nescia
811 779 919 881 loqui,
963 778 1002 855 id
1031 778 1103 879 est,
1138 782 1204 862 hu·

142 900 250 957 mana
267 898 341 950 non
360 897 461 954 nour.
746 924 757 977 ,¹

225 1001 284 1055 10.
306 977 394 1050 Sive
410 990 527 1050 autern
543 975 585 1050 ad
602 976 802 1071 Jeremiem‚
827 977 902 1054 five
915 980 958 1055 ad
972 977 1201 1060 salvatorem
1264 1027 1267 1033 ·

96 1097 100 1107 “
144 1078 293 1154 dicitur:
327 1080 513 1175 Priusquam
533 1095 563 1147 re
576 1078 759 1174 plasmarem
778 1083 815 1150 im
833 1096 942 1167 utera,
974 1084 1053 1153 marri
1066 1096 1118 1164 rr,
1151 1082 1204 1155 le·
1229 1084 1231 1088 ’

145 1200 231 1277 gens
249 1176 426 1270 Genesim,
443 1176 477 1250 δι
493 1176 686 1251 observans
701 1198 756 1271 ea,
782 1198 860 1270 quae
870 1180 918 1252 ibi
928 1180 972 1254 de
985 1179 1201 1255 conditione

143 1277 267 1356 mundi
289 1273 416 1367 scripta
438 1274 537 1366 sunt,
570 1278 755 1370 invenies,
790 1275 1200 1372 qnia-scripturadivina

142 1380 292 1456 multum
311 1378 347 1448 in
366 1375 583 1449 sermonibus
598 1390 717 1470 cauta,
742 1396 817 1449 non
833 1377 980 1450 dixerit:
1008 1382 1200 1478 Priusquam

141 1496 175 1552 u
189 1477 325 1570 faceram
348 1483 385 1546 im
410 1493 515 1562 utero,
550 1482 631 1546 moui
649 1494 697 1550 rr:
724 1476 866 1569 quando
887 1478 981 1552 enim
993 1477 1097 1570 juxta
1113 1478 1199 1553 ima·
1262 1484 1281 1538 ·'

143 1579 262 1676 ginem
282 1576 445 1649 conditio
467 1575 535 1668 est,
562 1575 780 1692 dicitDeuq:
808 1580 971 1648 Faciamus
989 1578 1200 1650 homimmsd
1258 1595 1264 1619 ⁴

142 1684 310 1771 imaginem
331 1676 370 1751 (5
379 1676 623 1773 fimilirudinem
643 1674 799 1773 mostram3
827 1674 860 1748 ἀ
881 1696 956 1750 non
977 1674 1082 1752 dicit:
1109 1672 1199 1748 Plass

141 1794 289 1854 memus.
341 1776 498 1874 Quando
515 1774 968 1868 aurenaccepitlutumde
984 1789 1092 1867 terra,
1117 1793 1197 1852 non
1276 1767 1284 1778 ’

142 1875 194 1970 est
219 1878 405 1969 scripturn:
439 1874 541 1947 Fecit
558 1874 760 1968 hominem,
794 1874 868 1947 sed:
907 1875 1196 1963 Plasmauirimms'·

85 2039 88 2046 .
140 2003 236 2069 mam,
271 1977 302 2048 dr
324 1974 442 2067 posuit
460 1976 494 2045 in
514 1972 673 2066 paradiso
689 1974 891 2065 hominem,
931 1993 1035 2067 quem
1051 1971 1196 2067 pitina·

140 2078 213 2170 vit,
238 2074 392 2167 operari,
419 2073 609 2163 &servare
623 2092 716 2147 eum.
768 2074 803 2145 Si
819 2071 937 2169 dotes,
961 2072 1120 2169 intellige
1131 2070 1200 2146 dif-

142 2177 328 2255 ferentium
349 2170 490 2246 fatiurae
512 2172 545 2273 dr
568 2168 828 2264 plasmationis,
854 2193 960 2265 quum
978 2172 1099 2248 dicem
1118 2170 1195 2246 five

139 2277 184 2353 ad
201 2274 408 2371 jeremiam,
436 2271 509 2344 slve
525 2270 567 2343 ad
584 2270 831 2366 Salvatotem‚
853 2293 929 2347 non
947 2271 1093 2347 direnti
1121 2269 1196 2343 Pri·

137 2400 270 2474 urquam
294 2392 325 2444 re
340 2372 476 2469 furerem
501 2377 538 2441 im
558 2388 657 2446 utero.
708 2372 820 2466 Quod
841 2372 933 2446 enim
953 2370 1015 2465 fit,
1054 2390 1130 2448 non
1150 2364 1195 2444 fit

139 2478 176 2549 in
198 2489 328 2567 utero;
361 2467 419 2544 sed
442 2472 539 2562 quod
561 2486 702 2544 creatur
721 2472 766 2545 de
782 2467 884 2546 terrae⁴
907 2473 1083 2567 pulvere,
1116 2468 1193 2545 hoc
1267 2552 1269 2557 ¹

138 2570 327 2669 plasmatur
351 2571 387 2643 in
411 2584 529 2644 utero,
585 2574 769 2669 Priusquam
786 2571 1016 2670 replasmatum
1030 2575 1066 2640 im
1084 2584 1193 2649 urum,

130 2676 196 2768 saia
216 2689 256 2745 rr.
306 2671 340 2743 Si
366 2691 489 2742 omnes
508 2671 616 2742 novit
632 2670 756 2762 Deus,
788 2671 974 2762 quomodo
994 2667 1088 2763 quasr
1106 2687 1196 2761 prae·
1231 2673 1242 2742 .“

140 2775 249 2866 cipuo
267 2795 286 2843 a
306 2771 442 2844 caeteris
458 2770 618 2865 Jetemiae
633 2769 738 2842 dicit:
764 2774 860 2844 Nam'
878 2765 934 2842 ra.²
956 2768 1016 2841 An
1033 2788 1098 2840 eos
1114 2780 1193 2839 tan·

138 2887 212 2945 tum
237 2873 301 2945 scit
324 2872 440 2959 Deus,
468 2868 527 2960 qui
551 2864 694 2944 scientia
715 2871 789 2960 ejus
814 2869 909 2964 digni
931 2867 1029 2947 sunt,
1056 2866 1194 2960 &cog-

137 2970 255 3048 noscit
279 2991 365 3063 eos,
400 2968 459 3060 qni
484 2970 565 3057 ejus
581 2967 680 3056 sunt;
715 2969 880 3067 indignos
893 2987 987 3042 vero
1001 2963 1113 3039 nescit
1131 2983 1195 3038 ne-

138 3092 208 3164 que
223 3069 341 3160 Pater,
367 3087 484 3158 neque
494 3065 615 3157 Filius,
642 3066 784 3143 dicens:
813 3057 1070 3146 Nrnmsaivss?
1093 3061 1194 3156 Nos,

137 3192 219 3243 cum
237 3169 338 3243 simus
362 3168 546 3257 homines,
573 3166 726 3257 ssaliqua
740 3153 909 3241 fuerimus
926 3163 1064 3260 prediti
1083 3162 1193 3259 digni-

138 3286 234 3361 tate,
260 3270 348 3342 alios
367 3266 486 3339 nostra
502 3267 633 3338 notitia
653 3265 802 3363 dignos,
821 3267 917 3342 ¹alios
927 3264 1125 3363 judicamus
1137 3263 1193 3336 in·

136 3369 286 3463 dignos:
323 3367 466 3457 &quos
484 3364 570 3438 scire
587 3366 777 3456 nolumus,
809 3386 927 3457 neque
947 3361 1068 3437 audire
1087 3361 1192 3434 volu·

135 3489 230 3557 mus,
257 3488 321 3540 eos
340 3465 524 3543 nescimus.
576 3465 673 3561 Quid
693 3464 869 3537 arbitraris
889 3463 933 3538 de
950 3458 1206 3548 universitatis,

135 3564 250 3641 Deo?
277 3566 369 3639 Vult
391 3564 477 3636 scire
491 3564 734 3654 Pharaonem,
760 3563 843 3635 vult
859 3560 1055 3657 AEgyptios
1073 3555 1188 3654 noire,

138 3663 198 3739 sed
215 3665 348 3759 indigni
368 3661 447 3736 sunt
463 3663 593 3738 notitia
609 3664 703 3755 ejus,
727 3657 807 3758 (sed
824 3661 887 3754 ipss
905 3660 1063 3754 iaciunt,
1088 3670 1131 3733 ut
1141 3660 1192 3754 ig·

136 3761 347 3860 norenmr.)
380 3763 455 3836 Scit
478 3777 595 3837 autem
619 3760 796 3853 Moysen,
827 3756 893 3835 scit
910 3761 1129 3855 prophetas,
1154 3756 1191 3831 dt

132 3860 160 3939 fr
183 3862 260 3953 quis
283 3861 397 3938 srmilis
420 3880 545 3937 eorum
569 3858 630 3936 est.
680 3859 839 3936 Multum
862 3871 901 3954 te
925 3869 1074 3959 oportet
1090 3857 1191 3930 labo·

134 3981 238 4055 rare,
269 3977 310 4034 ut
328 3960 427 4033 nosci
446 3961 622 4053 incipiaris
642 3980 663 4031 a
680 3958 881 4037 Dumium·
905 3956 1091 4054 jeremiam
1112 3954 1190 4047 qui·

134 4060 239 4152 dem,
274 4062 478 4152 priusquam·
501 4057 727 4156 plasmaverit
750 4059 787 4131 in
804 4066 955 4149 ventre,
988 4052 1187 4150 cognovit:

135 4162 242 4233 alium
256 4179 347 4231 vero
358 4159 401 4231 de
414 4158 598 4253 prophetis
613 4155 758 4254 triginta
773 4165 944 4230 annorum
954 4154 1063 4247 coepit
1073 4148 1188 4243 nosse,

135 4260 244 4340 ulium
262 4257 500 4358 quadraginta.
548 4255 738 4436 Senqrones
751 4254 833 4334 sunt
845 4251 1043 4331 ineffabiles
1059 4249 1103 4323 de
1115 4246 1189 4324 sal·

668 4376 697 4453 4
989 4363 1158 4444 mettre,
