2734 4859
544 745 597 782 ·-
739 743 1487 836 nom-nux
1581 739 1906 832 xvnt
2077 733 2090 748 ·
2229 737 2385 849 ⁶³3

248 912 467 1002 lestes
495 909 844 988 ordinatae
866 912 1038 987 finti
1090 911 1432 1006 sapientia
1463 911 1552 986 de
1573 909 1930 1010 infernis,
1986 931 2146 985 cum
2170 912 2386 991 etiam

255 1015 408 1094 Dei
456 1013 797 1107 sapientia
846 1014 1035 1090 circa
1068 1011 1616 1108 dispositionem
1675 1031 1963 1105 rerum,
2040 1015 2198 1105 qu'ae
2260 1011 2388 1090 sub

254 1130 456 1195 terra
522 1113 721 1207 sunt,
783 1115 1092 1193 similiter
1144 1114 1211 1188 δι
1264 1114 1452 1188 circe
1498 1133 1614 1185 res
1665 1124 1996 1189 terrenas·
2035 1109 2385 1191 versetur.

261 1217 338 1294 Si
384 1214 790 1311 sapientiam
825 1215 914 1290 de
947 1213 1343 1294 coelestibus
1379 1211 1894 1290 consecuturus
1930 1211 2119 1306 sum,
2153 1211 2391 1290 ascen·-

266 1315 366 1395 do
405 1314 839 1391 ad·coelestia
865 1368 890 1409 ,
945 1314 1540 1418 quemadmodum
1574 1310 1873 1430 Moyses
1913 1313 1987 1388 in
2027 1314 2387 1392 'verticem

263 1416 538 1510 montis
587 1411 901 1498 ascendit
930 1467 954 1508 ,
1029 1431 1117 1488 ut
1142 1435 1417 1494 vocem
1463 1413 1742 1493 audiret
1785 1434 1832 1487 e
1874 1413 2061 1486 coelo
2093 1464 2121 1505 ‚
2181 1411 2387 1493 ficuti

262 1514 607 1610 {criptum
652 1512 777 1598 est,
892 1513 1265 1592 Coelestem
1325 1516 1514 1593 e‘nirn
1564 1516 1834 1588 cultum
1881 1525 2036 1608 erat
2076 1511 2391 1589 edocen-

170 1683 173 1690 .
246 1610 448 1692 ‘dust
498 1615 817 1692 umbram
860 1619 1047 1692 enim
1082 1616 1150 1690 δι
1184 1616 1548 1712 exemplar
1591 1610 1973 1702 coelestium
2016 1612 2389 1706 mysterio-

268 1734 435 1792 rum
469 1713 545 1794 in
591 1710 863 1816 legibus
913 1714 1189 1814 scriptis
1242 1715 1604 1796 contineri
1646 1713 1898 1800 docuit
1947 1710 2391 1808 Apostolus,

170 1857 175 1894 ;
272 1813 573 1903 dicens}
646 1819 788 1908 Qui
834 1822 1176 1911 exemplari
1225 1815 1302 1894 Φ
1352 1817 1577 1892 umbrae
1625 1816 1994 1905 defirviunt
2041 1815 2389 1911 calesti'um.

170 1957 179 2000 :
272 1911 901 2009 Quemadmodum
942 1917 1156 2013 igitur
1212 1915 1519 1992 coelestia
1559 1914 1977 1994 edocendus
2034 1911 2392 1998 ascendo,

170 2061 181 2076 ,.
267 2013 373 2097 ita
402 2065 428 2105 ‚
481 2014 534 2096 ss
579 2035 764 2110 opus
794 2015 878 2092 fit
913 2015 1192 2092 inferna
1234 2039 1351 2098 me
1399 2014 1803 2107 addiscere,
1853 2015 1977 2094 sun
2012 2015 2194 2088 licet
2225 2034 2414 2108 pro·-

270 2114 533 2209 pheta,
588 2114 972 2196 descendo,
1074 2115 1172 2190 Et
1204 2115 1508 2194 fortaffis
1541 2116 1709 2196 ideo
1737 2113 2017 2189 Samuel
2045 2135 2209 2189 cum
2243 2112 2399 2188 sub-

170 2254 173 2262 »
268 2230 610 2294 terranea
639 2209 937 2292 edoaus
964 2214 1149 2309 fuit,
1202 2214 1567 2296 descendit
1605 2214 1981 2308 deorsum,
2039 2212 2106 2287 δι
2152 2214 2293 2288 fuit
2322 2213 2408 2286 in'

266 2312 608 2407 inferlm,
684 2335 840 2392 non
886 2315 958 2392 in
1001 2318 1344 2414 judicium
1399 2329 1768 2409 vocatus,
1835 2329 1918 2388 ut
1958 2329 2285 2396 maneret
2323 2313 2399 2386 in

270 2412 564 2496 inferno
591 2467 618 2507 ‚
694 2414 813 2494 sed
868 2430 953 2496 ut
998 2415 1504 2512 mysteriorum
1545 2414 1756 2496 fieret
1808 2414 2255 2490 infernorum
2294 2414 2400 2487 in-

267 2511 556 2605 ,speetor
599 2512 668 2587 ez
707 2518 1267 2612 contemplator.
1367 2515 1770 2592 Istiusmodi
1809 2516 2022 2591 etiam
2072 2511 2212 2587 ess‘e
2247 2511 2401 2610 pos-
2507 2517 2512 2522 ’

274 2612 487 2708 sunt,
558 2609 715 2711 quai
767 2615 1125 2713 sapientiae
1177 2618 1431 2692 tribuit
1482 2617 1884 2711 Apostolus
1919 2669 1945 2708 ,
2013 2629 2098 2687 ut
2142 2634 2403 2710 nempe

270 2715 432 2810 ejus
484 2734 630 2808 ope
668 2717 1185 2812 cognoscatur,
1237 2735 1374 2816 ‘qua
1407 2719 1495 2815 fit
1544 2720 1866 2805 latitudo,
1923 2714 2000 2791 (Ἰ
2037 2716 2404 2808 longitudo,

278 2813 771 2912 &profundum
802 2814 881 2893 <¹5
897 2818 1282 2905 sublimitas.
1375 2817 1449 2892 si
1494 2816 1696 2892 noss'e
1734 2817 1844 2890 vis
1876 2814 2403 2908 sublimitatem,

280 2912 598 2996 ascendis
648 2917 933 2989 ratione
979 2916 1063 2989 ad
1119 2915 1640 3016 sublimitatem.
1744 2916 1815 2989 Si
1867 2914 2067 2989 noss'e
2119 2915 2230 2986 vis
2281 2936 2405 3006 ea,

280 3036 440 3105 quae
490 3016 679 3096 inter
745 3017 1239 3092 sublimitatem
1292 3040 1378 3090 ac
1430 3018 1867 3112 profundum
1920 3015 2080 3087 sunt
2129 3014 2408 3107 media,

284 3114 666 3210 cognoscis
730 3117 1177 3192 latitudinem
1244 3125 1330 3190 ac
1395 3116 1940 3213 longitudinem.
2046 3114 2409 3212 Quolibet
2539 3173 2546 3190 ..

283 3218 632 3315 pertingit
666 3238 704 3286 a
737 3217 1051 3290 docente
1092 3221 1335 3290 omnia
1380 3217 1617 3290 verbo
1660 3214 1924 3290 directa
1971 3235 2172 3288 mens
2216 3214 2412 3306 ejus,

291 3314 413 3405 qui
446 3315 632 3407 sequi
665 3318 866 3390 valet
897 3309 1120 3391 filium
1158 3314 1324 3392 Dei.
1431 3316 1768 3409 Sequitur
1798 3328 2076 3405 autem,
2128 3313 2175 3390 fi
2213 3334 2420 3390 mun-

266 3416 389 3488 .do
420 3415 835 3489 renuntians
860 3418 1071 3489 tollat
1100 3437 1424 3493 crucem:
1475 3418 1568 3492 fic
1590 3418 1778 3491 enirn
1799 3416 1994 3508 sequi
2021 3412 2257 3512 Jesurn
2292 3436 2416 3487 va·
2543 3503 2554 3521 ἢ

289 3517 398 3590 let
426 3569 450 3609 ,
505 3517 624 3607 qui
663 3517 904 3589 dicere
942 3517 1193 3610 possit:
1249 3518 1439 3591 Mun·
1476 3521 1748 3589 mundus
1788 3518 2128 3608 crucifixus
2160 3515 2282 3612 est,
2331 3512 2416 3593 Φ*
2521 3541 2532 3554 ’

290 3641 390 3708 ego
418 3617 665 3686 mundo.
751 3616 823 3688 T
827 3617 1333 3711 emperandum
1362 3629 1519 3692 erat
1542 3619 1718 3692 illud
1753 3617 1940 3711 quan
1979 3613 2288 3712 asperius
2318 3615 2421 3690 di·

297 3715 523 3793 ctum:
580 3717 887 3805 Descende
923 3719 1266 3789 ivr-domum
1290 3720 1515 3815 figuli,
1565 3717 1644 3796 θ
1666 3719 1759 3789 ibn·
1779 3721 1994 3791 audies
2024 3716 2219 3790 verba
2244 3737 2422 3803 νικας

296 3814 368 3891 ἂ
413 3815 931 3894 conferendum
979 3832 1134 3891 erat
1188 3839 1347 3893 cum
1399 3819 1509 3893 his
1552 3817 1833 3894 verbis:
1882 3820 2156 3910 Ascende
2200 3819 2279 3895 θ’
2312 3841 2426 3889 au·

300 3916 433 3998 dies
476 3916 680 3992 verba
707 3944 861 3990 mea.
959 3915 1437 3994 Audientium
1477 3920 1668 3994 enim
1716 3920 1996 4012 quidam
2036 3918 2427 3993 ascendunt

296 4026 389 4085 ut
422 4014 858 4094 doceanturt
910 4017 1299 4093 ascendunt
1342 4040 1498 4094 non
1543 4021 1845 4093 omnino
1898 4039 2255 4114 corpore:
2310 4018 2434 4090 de«,

303 4113 653 4187 scendunt
678 4118 848 4192 item
869 4172 894 4213 ‚
948 4119 1403 4212 animumque
1434 4119 1707 4194 habent
1724 4118 2043 4213 sursum‚'
2078 4135 2163 4194 ut
2194 4117 2434 4213 super-

300 4236 463 4301 nam
503 4215 592 4288 de
622 4217 1082 4300 inferioribus
1116 4222 1474 4296 rationem
1512 4220 1828 4297 videant.
1932 4217 2243 4314 Ipsemet
2275 4218 2436 4301 Do-

298 4318 532 4403 minus
567 4338 765 4391 meus
796 4318 991 4416 Jesus
1031 4316 1351 4395 Christus
1385 4316 1701 4403 ascendit
1735 4320 1809 4394 ‘dt
1840 4317 2242 4394 descendit:
2292 4319 2439 4414 Qut·

302 4424 472 4506 mim
510 4420 788 4524 asfmdil
822 4472 844 4512 ,
913 4419 1037 4532 {pse
1075 4422 1207 4525 est,
1254 4424 1373 4614 gi
1405 4419 1485 4497 θ’
1533 4421 1842 4514 descondit
1870 4446 1897 4502 ι,
1969 4421 2101 4529 ipse
2143 4419 2230 4513 ᾧ
2278 4419 2470 4502 ἵης(
