2734 4859
132 182 1295 430 m

485 429 494 446 ρ
654 437 657 442 .

275 453 286 462 a
760 457 764 476 a
959 473 965 496 ἱ

180 605 254 688 mc
303 597 552 684 omonms·
566 597 627 680 uu
649 585 927 704 onuuroutr
943 577 1159 682 cimmo
1217 655 1222 678 .,

175 770 319 873 prout
342 773 438 864 ως
461 759 513 844 rr
534 762 718 864 popum
733 763 847 858 rutam
879 767 996 836 nm
1007 751 1155 855 [mer
1172 747 1253 844 euri

89 863 92 872 '
179 867 287 948 Asius
312 859 407 946 vero
429 876 624 958 utrumque
641 855 768 967 unu,
780 883 928 960 corpus
947 875 1054 960 atque
1073 866 1253 960 animam,

98 1029 107 1046 ‚
183 969 280 1066 quast
295 959 357 1044 ubi
371 981 561 1062 peccatum
572 983 650 1039 non
667 959 790 1058 suem,
814 983 945 1060 equum
962 963 1033 1040 dici
1048 959 1165 1060 album
1182 983 1251 1059 pus

117 1097 147 1158 χ
180 1069 287 1145 tabit.
337 1065 444 1143 Alius
458 1065 575 1142 adhuc
588 1077 718 1158 quarto
732 1063 1141 1154 incoecclesramdicet,
1169 1063 1251 1158 quo'

98 1211 101 1218 ·
175 1167 371 1263 ¹rit-corpur
385 1168 462 1261 ejut
480 1166 701 1247 nominatur,
724 1163 972 1241 albumvideri
985 1183 1131 1263 equum,
1156 1161 1255 1266 quasi

180 1269 556 1346 nonhabenremnon
569 1263 743 1362 maculam
758 1277 964 1364 rutrugtm,
991 1253 1250 1362 qunmiibiipse

180 1363 418 1446 santiificauit
445 1367 729 1457 lavacroaqnoe.
800 1363 1149 1476 Secundumdautem
1173 1365 1252 1440 haec

175 1465 316 1564 singula
338 1467 447 1542 etiarn
468 1465 528 1558 iila
548 1464 725 1560 recipiet,
751 1461 1057 1560 prosequuntur,
1084 1461 1253 1562 miiititm'

93 1591 97 1600 ·
164 1569 285 1660 ‚eoeli,
321 1566 573 1644 &exercitum
597 1564 703 1640 verbi
724 1553 820 1658 Dei,
838 1562 894 1644 ,nr
916 1559 1255 1662 quomodosin'guli

94 1749 98 1754 ,
183 1669 317 1762 quique
332 1683 459 1758 nomm
475 1661 663 1758 sequentes
678 1663 832 1740 verbum
847 1662 920 1739 Dei
935 1665 1035 1760 equit
1054 1659 1256 1760 albirpserie·

80 1787 96 1854 ,·
129 1794 135 1802 ·
183 1779 263 1858 ant,
290 1763 478 1859 &bpffinis
494 1761 1003 1848 albisinduanmrmundia.
1033 1765 1253 1862 ·Huicargo

183 1886 283 1959 equo
299 1868 402 1958 alb03·
426 1885 499 1959 quo
514 1861 588 1958 ipse
606 1861 765 1970 vestitur,
792 1855 852 1972 qui
871 1863 1024 1942 verbum
1044 1861 1115 1956 Dei
1131 1865 1255 1964 appel·

181 1966 295 2060 latur,
321 1966 384 2040 vei
397 1964 483 2040 huic
499 1962 674 2058 equitatui
692 1960 839 2058 coelesti,
864 1963 925 2058 qui
945 1985 1027 2042 eum
1047 1962 1206 2058 sequitur
1215 1964 1256 2039 in

184 2066 277 2140 albia
298 2062 688 2160 nihilominusequir,
725 2079 912 2159 comparat
938 2057 973 2140 ἂ
995 2062 1256 2170 umilpmsacit

83 2248 86 2254 ,
184 2161 346 2240 Christus
363 2163 545 2239 ecclesiam
564 2161 669 2239 suam.
720 2159 764 2239 ln
778 2165 1079 2266 curribuaautem
1101 2161 1258 2240 Pharao·

184 2264 243 2338 nia
262 2263 325 2353 uel
340 2263 391 2335 ita
408 2261 589 2356 possumus
603 2262 788 2358 accipere,
812 2277 875 2357 ut,
902 2276 1073 2357 quantum
1094 2263 1153 2348 hic
1177 2261 1257 2337 Do·

185 2364 274 2438 mini
291 2364 469 2454 equitatus
491 2364 689 2454 equitaturo
711 2364 745 2437 ἀ
764 2380 889 2437 currus
907 2362 1100 2438 Pharaonis
1117 2363 1257 2438 evincit

108 2501 117 2540 r
186 2461 435 2558 optineant,
469 2450 607 2536 ta'rrtum
627 2476 689 2560 tu,
724 2484 801 2555 quae
820 2466 969 2557 puichra
992 2486 1030 2537 es
1049 2465 1086 2538 in
1101 2465 1256 2539 mulieri·

80 2565 82 2572 '
181 2562 271 2653 bus,
298 2563 472 2655 procellis
493 2564 527 2634 ἃ
546 2562 685 2635 evincis
702 2583 828 2637 omnes
841 2563 994 2656 reliquas
1009 2559 1153 2652 animas,
1179 2583 1260 2655 quat

189 2661 308 2735 adhuc
321 2662 445 2759 Jugum
465 2660 658 2735 Pharaonis
681 2677 852 2756 portant,
878 2660 912 2737 tr
933 2662 1078 2739 sessores
1101 2665 1177 2756 ejus
1197 2683 1259 2756 pa·

111 2813 115 2822 ,
188 2760 351 2864 tipntur:
391 2763 451 2834 vel
468 2777 567 2834 certe
584 2761 684 2852 qnod
700 2765 880 2853 equitatus
897 2763 955 2837 hic
972 2784 1093 2856 meur,
1128 2762 1188 2855 qui
1211 2765 1261 2836 la·

188 2882 307 2934 vacro
331 2882 430 2953 aquae
449 2861 661 2954 mundatus,
688 2876 796 2953 purus
818 2861 1037 2936 &candidus
1055 2860 1259 2956 fauueest,

87 3004 92 3012 ·
189 2960 227 3035 ἃ
250 2962 401 3036 verbum
425 2958 496 3034 Dei
513 2961 647 3034 meruit
667 2961 799 3035 habere
816 2960 1003 3055 sessorem,
1027 2962 1260 3035 extorribus

134 3101 137 3106 ·
192 3059 387 3153 assumptus
413 3057 463 3133 est
485 3059 692 3136 Pharaonis.
743 3057 831 3135 Inde
852 3062 1087 3136 enimomnes
1105 3057 1263 3135 veniunt

129 3172 134 3184 '
191 3161 399 3247 credentes,
425 3162 506 3251 quir
521 3156 680 3232 Christus
696 3161 848 3235 venitin
860 3161 1150 3253 nuncnundum,
1178 3182 1263 3255 pec·

193 3275 339 3334 catores
356 3251 473 3332 saivos
490 3258 620 3334 facere.
672 3260 759 3334 Hoc
777 3280 865 3355 ergo
882 3264 995 3334 modo
1010 3259 1130 3355 potest
1141 3263 1263 3354 expla-

192 3359 271 3434 nori
295 3359 460 3433 versrcuii
487 3359 591 3452 hujus
616 3356 754 3453 sensus,
780 3361 955 3452 equitatui
979 3382 1088 3454 meo,
1114 3362 1174 3453 qui
1190 3360 1263 3434 fuit

194 3471 282 3533 ante
301 3459 339 3532 in
366 3460 528 3531 curribus
551 3456 771 3551 Pharaonis,
797 3460 831 3533 ἃ
853 3480 951 3534 nunc
975 3462 1132 3555 sequitur
1147 3482 1206 3535 me
1223 3461 1263 3533 in

195 3560 298 3649 equis
317 3558 427 3649 albis,
460 3554 669 3655 purificatur
687 3559 887 3664 inulavtcro
908 3580 1028 3653 aquae,
1061 3559 1204 3635 similem
1224 3572 1265 3634 to

196 3658 355 3732 arbitror
374 3658 539 3749 proxima
556 3679 646 3735 mea.
697 3656 817 3733 Beatae
833 3679 922 3757 ergo
939 3656 1020 3742 sunt
1036 3660 1103 3736 iilae
1118 3660 1263 3751 animur,

156 3825 159 3832 .
196 3777 276 3850 quae
301 3756 445 3830 dorsum
470 3756 567 3831 suum
591 3771 862 3850 curvaverunt,
893 3772 935 3833 ut
955 3757 1143 3853 suscipiant
1158 3755 1265 3832 sesso·

149 3881 153 3888 ·
194 3877 275 3932 rem
294 3857 448 3929 verbum
470 3855 543 3930 Dei
566 3853 671 3950 super
693 3855 749 3952 st,
787 3856 946 3932 &frena
961 3862 1038 3953 ejus
1054 3860 1266 3954 patiuntur,

111 3965 116 3970 '
196 3970 261 4039 ut,
287 3951 506 4048 quocunque
521 3955 594 4050 ipse
616 3957 801 4053 voluerit,
827 3953 948 4031 flectat
966 3980 1041 4054 eas,
1068 3958 1269 4055 &agatha-

198 4056 303 4130 bonis
318 4069 582 4147 praceptorum
595 4054 759 4132 suorumt
785 4058 867 4148 quia
878 4058 949 4151 jam
957 4078 1033 4132 non
1043 4058 1190 4152 propria
1197 4077 1269 4129 vo·

198 4156 340 4228 luntate
355 4153 548 4243 incedunt,
575 4151 634 4228 sed
652 4156 834 4232 adomnia
850 4156 1077 4231 ducuntur&
1090 4156 1269 4232 reducun-

99 4349 103 4354 .
198 4263 261 4329 tur
282 4254 477 4330 voluntate
502 4250 653 4332 sessoria.
704 4254 757 4332 Et
775 4254 925 4333 fortassis
947 4257 1131 4337 videbitur
1144 4256 1270 4331 secun·

999 4429 1001 4434 .
1132 4356 1220 4434 dunt
