2734 4859
422 625 797 738 ll'omlttn
845 636 1016 723 ΝΛ
1138 655 1224 740 ς8ι·

146 801 220 881 trie'
234 799 261 900 ,'
279 801 319 877 in
333 763 488 878 &lium
512 799 694 895 mittitur,
727 765 763 873 dt
785 799 910 895 postea
929 821 997 902 per
1020 797 1207 926 indulpen·

146 908 232 979 tiam
256 923 413 996 eorum,
444 899 504 995 qui
528 896 675 996 pollltnt
699 899 822 975 exules
845 899 1016 997 solvere,
1041 906 1204 986 redditur

145 1005 325 1097 libertati,
349 1000 465 1095 redit,
491 1000 587 1074 unde
606 998 725 1075 fueret
749 1000 926 1096 expulsus.
980 1002 1088 1080 Miles
1112 1028 1203 1101 quo.
1257 1037 1260 1050 ι

146 1123 217 1196 que
232 1100 386 1197 abjettus
407 1121 453 1175 ex
469 1099 595 1174 ordine
616 1097 703 1193 suo,
728 1097 925 1176 restituitur
941 1103 1080 1201 ordini,
1105 1108 1203 1183 fiac.
1267 1107 1277 1135 l

146 1206 282 1298 ceperit
303 1202 456 1276 veniam.
503 1195 574 1273 lta
592 1199 626 1272 dt
647 1220 746 1273 nunc
766 1199 895 1275 dicitur
914 1200 958 1275 ed
974 1208 1128 1281 mortale
1142 1229 1203 1307 ge·

142 1324 238 1395 nus,
264 1302 300 1375 id
323 1299 399 1383 est,
425 1299 558 1390 adnot
581 1298 769 1393 homines,
796 1301 896 1392 quit
915 1298 1000 1378 Deo
1020 1304 1200 1382 fueramus

143 1402 275 1500 aversi:
316 1398 352 1472 Si
374 1398 539 1472 converst
561 1397 937 1498 fueritis,'restituem
961 1422 1044 1478 vos.
1100 1404 1200 1482 Finis

143 1503 275 1595 quippe
300 1496 576 1594 repromissionis
605 1496 784 1572 restitutio
810 1497 886 1596 est,
916 1514 959 1573 ut
981 1501 1020 1576 in
1049 1498 1199 1581 Abiibus
1246 1557 1250 1566 =

142 1598 388 1693 apostolorum
412 1597 585 1697 legimus:
634 1602 741 1697 Usque
761 1599 803 1671 ad
827 1600 963 1698 tempera
988 1597 1201 1699 r'eflr‘teritnir

142 1706 302 1784 omnium,
328 1720 394 1798 que
412 1697 534 1788 lotum
558 1696 596 1795 est
614 1700 701 1769 Deus
712 1717 771 1797 per
786 1722 819 1784 ot
833 1698 1017 1789 fetidiorem
1029 1702 1200 1800 propheta·

141 1824 212 1872 rum
227 1801 377 1890 suorum,
402 1798 439 1870 in
460 1794 602 1871 Christo
618 1795 726 1893 Jesu,
753 1798 811 1869 cui
834 1796 886 1873 est
901 1801 1017 1899 gloria
1034 1800 1069 1875 dt
1086 1805 1197 1900 impe·

138 1902 230 1975 rium
248 1900 287 1973 in
301 1896 424 1973 seculo
440 1894 659 1972 seculorum.
708 1894 840 1985 Amen,

408 2233 777 2347 uont1trn
828 2237 918 2314 xv.
1045 2305 1053 2325 ,

134 2395 177 2475 In
197 2398 284 2472 illud
304 2396 442 2493 ipsum:
470 2400 542 2469 Heu
559 2420 606 2469 me
629 2394 754 2471 morer!
777 2397 905 2473 iterum
924 2399 1052 2498 aliter,
1076 2421 1193 2499 usque

185 2500 228 2574 ad
244 2496 350 2573 istud:
377 2496 570 2569 Malediiim
590 2498 699 2586 mmo,
724 2496 871 2597 quispam
884 2500 978 2572 babet
994 2505 1032 2573 in
1045 2502 1144 2577 domi·

339 2622 399 2687 ne,
425 2593 619 2689 &firmabit
634 2620 762 2672 carnem
782 2597 905 2674 brachii
916 2599 984 2692 stri.
1031 2621 1035 2627 “
1097 2641 1100 2645 ·

138 2819 169 2875 1.
273 2798 310 2871 ui
326 2798 455 2871 beatos
474 2794 669 2889 predicant
683 2794 905 2890 propbetas,
928 2795 1190 2898 ipspsquebea·

299 2910 360 2969 tos
369 2894 597 2990 predicando
612 2906 791 2989 exoptant
806 2909 944 2989 purtem
959 2887 1093 2971 habere
1106 2920 1189 2974 cunr

132 2995 352 3094 prophetis,
384 2996 409 3070 li
431 2995 602 3092 colligent
625 3014 671 3069 ex
696 2994 920 3088 propheticis
941 2992 1189 3092 sermonibus,

132 3097 231 3189 quod
263 3095 441 3191 precipue
472 3095 605 3168 eminet
637 3091 675 3170 in
699 3091 856 3187 ipsorum
885 3094 1100 3189 prophetia,
1125 3096 1188 3169 fibi

130 3197 210 3289 ipsis
235 3194 427 3286 querendo
454 3190 736 3290 persuadebunt,
761 3192 866 3284 iore,
892 3205 958 3276 ut,
983 3192 1008 3266 st
1031 3192 1194 3268 iimilit'er

132 3296 319 3389 vixerint,
343 3295 450 3367 etiam
469 3292 491 3365 fi
509 3290 594 3386 quid
614 3292 740 3366 durum
759 3291 797 3365 in
815 3292 883 3366 hac
898 3292 975 3366 vita
990 3313 1033 3367 ec
1046 3292 1189 3367 difficile

130 3408 297 3466 occurrat
315 3394 564 3487 propheticam
579 3393 691 3465 vitam
711 3390 953 3485 imitantibus,
977 3412 1050 3465 una
1067 3407 1187 3470 tamen

131 3515 212 3567 cum
226 3493 295 3569 illis
309 3494 464 3585 quietem
481 3489 516 3564 dt
531 3490 788 3565 beatitudinem
803 3488 1078 3584 consequantur.
1127 3489 1187 3566 Ex
1268 3567 1270 3570 ,

126 3594 248 3667 moltis
262 3595 388 3684 utique
407 3590 579 3687 colligere
594 3591 681 3664 licet
696 3589 842 3665 eximias
857 3590 1010 3665 virtutes
1028 3590 1186 3687 prophe·

128 3706 271 3787 tarum,
303 3692 447 3765 illorum
479 3691 712 3784 libertatem,
738 3686 1000 3777 constantiam,
1036 3692 1187 3785 vigilan·

128 3791 240 3875 tiam,
265 3791 508 3875 alacritatem
541 3795 711 3882 quonism
729 3788 766 3861 in
787 3789 953 3883 periculis
975 3788 1185 3883 constituti,

128 3902 264 3965 tenum
283 3911 355 3983 pte
375 3888 409 3964 se
429 3888 593 3963 ferebant
614 3886 720 3964 animi
733 3884 960 3982 libertatem,
983 3901 1026 3962 ut
1041 3891 1185 3962 minime

128 3987 258 4064 soliciti
272 3987 398 4083 essent,
413 4009 487 4081 quo
501 3986 867 4092 pesioxincreparent,
885 4006 959 4082 quo
978 3985 1083 4079 patto
1098 4007 1187 4060 con·

125 4101 338 4178 verterent3
372 4089 504 4186 quippe
519 4100 562 4161 ut
580 4086 790 4183 propheto,
823 4093 906 4162 cum
922 4087 1089 4161 libertste
1105 4106 1187 4159 ver·

124 4191 211 4262 bum
230 4187 302 4262 Dei
323 4176 580 4261 annuntiabant
592 4185 815 4281 increpando
836 4202 1073 4280 peccatores,
1097 4186 1186 4260 licet

125 4304 296 4384 potentes
311 4284 380 4362 eise
395 4284 1019 4462 viderenturbquoeredarguebant.
1053 4285 1200 4395 Quem·

663 4403 741 4480 03
821 4461 827 4474 ι
1091 4399 1163 4452 uss
