2734 4859
923 469 926 480 Ι

498 505 513 518 V

223 683 227 692 .
503 587 890 690 uranum.
1119 609 1203 717 αα,

139 778 226 854 citia
240 773 276 851 dr
290 773 492 872 virginitas,
517 795 595 866 quae
610 775 709 869 prius
723 795 800 848 non
813 769 951 870 fuerat,
970 778 1203 872 perecdesar

140 899 247 977 genas
269 874 431 970 specioso
453 875 587 949 decore
601 872 725 947 diffusa
740 874 802 950 est.
828 878 946 977 ,Quae
964 895 1084 952 tamen
1097 901 1204 978 gena-

136 1001 216 1054 rum
236 975 399 1072 species,
424 974 461 1048 id
478 973 547 1067 est,
561 974 752 1067 ¹pudicitie
767 976 801 1048 dr
819 974 985 1049 castitatis
1000 980 1201 1070 turturibus

126 1091 383 1172 eomparatur.
441 1072 648 1174 Turturum¹
668 1074 789 1147 ferunt
816 1074 1020 1166 hujusmodi
1037 1091 1204 1157 naturam

137 1177 230 1271 elle,
255 1189 299 1250 ut
312 1194 431 1267 neque
450 1172 622 1248 masculus
639 1188 766 1266 praeter
781 1195 888 1252 unam
902 1173 1080 1255 foeminam
1097 1179 1202 1254 adeat

136 1280 255 1368 aliam,
282 1297 352 1351 nec
369 1275 512 1349 femina
530 1276 729 1365 plusquam
750 1275 1029 1366 unumpetiatur
1047 1297 1200 1352 marem:

135 1379 198 1470 ita,
222 1391 281 1464 ut,
306 1375 493 1472 liaccidat,
510 1375 623 1446 altero
633 1374 838 1465 intercepto
850 1373 1024 1466 superesse
1036 1376 1202 1462 alterum,
1272 1431 1278 1446 ,

137 1477 275 1572 pariter
293 1497 377 1549 cum
390 1475 545 1570 conjuge
560 1472 736 1546 extinctus
753 1474 836 1546 litei
855 1474 1070 1566 concubitus
1086 1497 1200 1555 amor.

137 1577 418 1650 Convenienter
435 1595 522 1669 ergo
540 1572 730 1647 srmilitudo
753 1574 899 1647 turturis
914 1587 1066 1667 ,aptatur
1085 1577 1202 1652 cccle-
1282 1661 1286 1672 ,

137 1677 213 1768 liar,
240 1675 344 1767 quod
365 1676 425 1748 vel
445 1675 590 1746 alterius
610 1673 680 1745 viri
701 1673 781 1766 poli
798 1671 973 1747 Christum
993 1673 1205 1772 conjugium
1227 1715 1229 1720 ·

136 1775 294 1866 nesciat,
319 1777 382 1847 vel
403 1771 500 1865 quod
519 1768 750 1852 'continentiae
767 1773 801 1844 δι
816 1773 996 1865 pudicitie
1015 1777 1051 1847 in
1072 1788 1204 1850 eatan.

137 1895 243 1968 quam
270 1889 452 1948 turturum
478 1874 612 1945 volitet
629 1874 836 1947 multitudo.
887 1871 1090 1948 Secundum
1109 1874 1204 1949 hanc

136 1975 412 2072 intelligentiam
448 1975 554 2045 etiam
591 1973 774 2045 cervicem
810 1969 942 2066 sponsae
974 1972 1230 2067 accipiamun

137 2077 230 2174 Quae
243 2075 320 2149 fine
335 2073 446 2146 dubio
461 2073 686 2174 illaeintelligi
701 2072 835 2147 debent
848 2073 985 2166 animae,
1011 2093 1087 2166 quae
1101 2072 1208 2148 chri.

136 2175 177 2252 sti
194 2178 324 2273 jugum
345 2169 536 2266 suscipiunt
553 2170 722 2246 dicentis:
747 2174 902 2270 Suscipire
915 2172 1079 2270 supervos
1089 2177 1204 2272 jugem
1268 2233 1270 2239 .

137 2299 263 2362 meum,
299 2280 375 2371 quio
390 2278 500 2370 jugum
522 2269 1080 2370 meumsaaveafl.0bedient1‘a
1113 2294 1205 2372 ergo

136 2377 212 2467 ejus
228 2375 395 2448 cervices
412 2374 486 2465 ejus
500 2373 734 2464 appellantur.
787 2370 923 2444 Cervix
938 2394 1024 2469 ergo
1039 2373 1115 2467 ejus
1129 2372 1204 2466 spe·

137 2473 234 2547 ciosa
263 2471 356 2546 facia
378 2471 428 2545 est
454 2472 545 2545 srcut
567 2472 792 2562 redimicula,
832 2471 1030 2547 &merim
1084 2476 1210 2571 Quam

137 2577 232 2649 enim
248 2576 347 2670 prius
366 2572 670 2664 praevaricationis
687 2571 932 2664 inobedientia
952 2589 1090 2665 turpem
1108 2571 1204 2646 fece·

137 2690 207 2765 rat,
233 2694 337 2761 nunc
352 2667 650 2746 obedientiafidei
663 2669 951 2762 speciosamfecit
964 2671 1206 2764 &pulchram

136 2772 285 2846 cervix·
305 2792 394 2868 ergo
417 2787 478 2844 tua
506 2768 661 2863 speciosa
684 2768 775 2844 faita
799 2768 850 2843 est
872 2769 961 2843 srcut
983 2772 1202 2848 redimicula.

137 2872 197 2945 Ad
230 2884 427 2963 utrumque
458 2871 552 2943 enim
581 2867 807 2961 subauditur,
845 2868 1001 2962 speciosa
1027 2869 1117 2942 facta
1140 2871 1203 2945 est,

138 2970 364 3046 Redimicula
386 2971 444 3044 hle
471 2970 558 3043 dicit
575 2968 846 3042 constriutones
869 2972 930 3042 vel
952 2971 1203 3044 connexiones
1278 2989 1280 2996 ·

139 3073 350 3162 monilium,
386 3092 462 3162 quae
478 3071 515 3142 in
531 3068 734 3141 cervicibus
755 3068 877 3141 sedere
896 3067 1040 3157 solent,
1060 3091 1105 3141 ex
1128 3070 1206 3160 qui·

138 3170 204 3244 bus
231 3170 443 3264 deducitur,
482 3169 517 3240 dr
540 3166 723 3247 descendit
749 3189 811 3261 per
833 3189 940 3241 omne
964 3171 1097 3242 collum
1124 3169 1206 3241 reli·

140 3293 231 3361 quus
256 3285 419 3344 ornatus.
471 3267 538 3361 lpsr
558 3289 647 3362 ergo
668 3284 904 3358 ornamento,
932 3268 1030 3359 quod
1053 3268 1206 3342 cervici·

139 3371 204 3442 bus
228 3371 264 3443 br
289 3372 390 3442 collo
415 3370 460 3441 im
489 3369 550 3439 oni
573 3366 685 3460 solet,
714 3369 895 3440 cervicem
913 3365 1044 3460 sponsae
1062 3389 1206 3460 compa·

140 3471 246 3542 ravit
301 3469 413 3566 Quod
431 3469 463 3539 di
501 3468 863 3568 umitaadvertimus.
915 3466 1206 3552 Cervicemdixi·

139 3592 216 3643 mus
234 3557 540 3660 subjectionem&
559 3565 799 3640 obedientiam
817 3566 908 3654 dici,
935 3587 1002 3659 pro
1020 3588 1080 3646 eo,
1106 3564 1207 3658 quod

140 3669 232 3759 quasr
243 3669 369 3763 iugum
382 3665 508 3739 Christi
519 3664 693 3757 suscipiat,
720 3665 754 3740 dc
771 3664 853 3738 fidei
868 3669 943 3757 ejus
961 3667 1206 3740 obedientiam

140 3770 312 3860 praebeat.
364 3765 626 3839 Ornamentum
648 3786 736 3862 crgo
763 3767 916 3838 cervicis
935 3767 1033 3860 eius,
1061 3764 1207 3858 quaeest

141 3866 371 3957 obedientia,
404 3863 562 3938 Christus
587 3863 648 3939 est.
703 3862 777 3957 lpse
795 3866 888 3939 enim
909 3868 1009 3960 prior
1018 3865 1130 3957 fallas
1155 3863 1207 3938 est

140 3971 283 4037 nudum
302 3963 397 4062 uj'que
414 3967 455 4035 ad
479 3979 624 4052 mortem:
659 3963 781 4063 &ficut
796 3987 851 4059 per
866 3972 982 4047 unius,
1008 3966 1098 4041 Adae
1120 3963 1208 4037 scili-

141 4083 223 4157 cet,
252 4064 494 4137 inobedientiam
510 4080 678 4160 peccatores
696 4064 855 4161 constituri
863 4065 946 4154 sunt
967 4067 1079 4136 multi:
1106 4064 1207 4139 ira&

139 4188 193 4262 fer
217 4171 317 4237 unius
339 4166 564 4247 obedientiam,
600 4160 727 4237 Christi
752 4165 943 4253 duntaxat,
965 4166 1043 4264 justi
1059 4162 1207 4258 constitu·

143 4285 244 4342 mur
270 4266 376 4339 muri.
441 4262 703 4344 Ornamentum
727 4285 814 4363 ergo
839 4265 1027 4343 &monile
1054 4260 1211 4337 cervicis

636 4362 671 4439 L
693 4377 721 4459 5
1055 4365 1180 4448 cccle-
