2734 4859
381 624 759 706 uomrtru
808 627 860 712 rt
995 577 1001 606 ³
1106 663 1155 740 5³

141 811 246 886 ιιι,
274 811 408 866 verum
425 793 463 866 in
487 791 690 887 principio,
712 807 753 864 ut
775 793 825 866 ita
846 793 982 890 dicam,
1001 800 1154 890 quadam

141 893 270 976 ¹estatis
295 893 393 966 illius
413 893 540 966 umbra
561 892 807 985 perfruimur,
833 896 929 968 unde
950 897 984 970 de
1005 901 1042 972 in
1065 922 1153 994 pro-

141 995 189 1068 tis
208 994 374 1090 legitur:
402 997 547 1090 Spiritus
560 993 662 1085 faciei
680 995 788 1090 noflrae
804 997 949 1092 Cbrr'flvs
970 1001 1151 1092 Dominus,

141 1097 308 1166 diximus.-
339 1097 378 1164 bn
396 1095 505 1164 embra
528 1100 595 1191 ejus
609 1100 756 1186 virgenus
778 1098 993 1190 ingentibus:
1019 1098 1075 1193 ἃ,
1103 1103 1148 1174 ab

141 1215 196 1268 rra
220 1195 273 1267 ad
296 1195 459 1268 umbram
481 1195 584 1268 aliam
605 1196 904 1289 transmigramus.
956 1199 1149 1272 Scdmribus

141 1317 163 1368 n
186 1302 229 1366 r'n
251 1299 380 1389 regione
397 1295 435 1372 (5
451 1297 722 1386 umbraminis,
756 1297 815 1365 lux
836 1315 907 1368 orta
928 1299 968 1392 eft
989 1305 1043 1368 eis.
1096 1297 1148 1372 Et

141 1391 296 1496 rseamus
317 1396 363 1468 ab
378 1397 503 1469 umbra
525 1397 653 1468 mortis
668 1394 710 1467 ad
725 1395 886 1468 umbram
906 1397 1002 1471 vitae.
1046 1397 1146 1472 Sem·

146 1495 360 1568 istiusmodi
372 1493 453 1568 suut
470 1493 674 1589 prosetius,
700 1508 742 1565 ut
754 1493 789 1565 in
801 1495 955 1566 exordio
971 1495 1147 1571 defideret

141 1598 274 1688 piam,
301 1593 425 1670 saltem
440 1595 478 1668 iu
495 1596 670 1667 virtutum
692 1596 816 1666 umbra
834 1594 1035 1670 consistere.
1061 1596 1145 1692 Ego

141 1715 178 1778 ι,
204 1694 301 1768 ideo
324 1694 359 1766 dt
372 1696 598 1768 nativitatem
615 1693 697 1787 jesu
715 1695 758 1766 ab
780 1695 904 1767 umbra
921 1693 1083 1788 coepiise,
1110 1696 1145 1768 &

157 1797 199 1868 in
218 1795 377 1885 umbra,
403 1793 519 1869 sedin
538 1796 693 1869 veritate
715 1790 870 1866 finitam:
896 1797 1066 1889 Spiritus,
1090 1793 1145 1865 in-

141 1915 170 1988 t,
191 1893 334 1980 sanfbus
349 1903 459 1964 vertier
473 1901 509 1964 in
525 1913 575 1982 te,
600 1895 640 1970 Θ·
655 1900 764 1965 virtus
788 1890 937 1980 ubriffimi
952 1894 1146 1966 obumbrabit

189 1993 388 2068 Nativitas
405 1994 533 2070 Christi
562 1996 605 2068 ab
627 1997 753 2068 umbra
770 1990 912 2086 sumpsit
935 1994 1142 2068 exordium:

165 2095 292 2169 solum
316 2109 435 2169 autem
457 2098 494 2169 iu
516 2095 633 2168 Maria
656 2095 700 2166 ab
727 2096 851 2165 umbra
873 2093 949 2184 ejus
970 2093 1142 2167 nativitas

141 2195 201 2288 it,
230 2192 294 2268 sed
319 2193 408 2268 &in
422 2207 478 2288 te,
505 2193 675 2290 srdignus
692 2193 828 2285 suetis,
855 2192 1009 2266 nascitur
1026 2193 1142 2266 sermo
1181 2207 1183 2216 '

141 2351 150 2369 .
204 2294 285 2368 Fac
306 2295 440 2388 igitur,
466 2309 507 2366 ut
529 2293 633 2387 possis
650 2314 780 2386 capere
800 2294 959 2366 umbram
981 2293 1079 2387 ejus,
1107 2291 1143 2366 dt

141 2419 148 2468 ι
169 2394 306 2468 umbra
325 2392 436 2466 fueris
458 2395 583 2491 dignus
607 2393 782 2484 effecius,
811 2397 934 2464 veniet
951 2393 994 2465 ad
1016 2407 1075 2483 te,
1099 2407 1154 2472 ut¹

141 2495 277 2585 licam,
293 2514 427 2586 corpus
443 2496 540 2586 ejus,
555 2511 612 2566 'ex
628 2515 701 2584 quo
714 2493 839 2564 umbra
851 2490 1015 2582 nascitur.
1041 2491 1139 2567 Nam

141 2595 288 2666 uodico
310 2589 449 2686 fidelis,
483 2599 518 2668 dt
539 2594 575 2665 in
605 2593 799 2684 majoribus
822 2594 889 2663 erit
915 2590 1042 2667 fidelis.
1098 2598 1140 2664 ln

141 2721 179 2765 ra
194 2700 269 2790 ejus
289 2700 453 2790 concupivi
472 2698 510 2770 U
520 2695 597 2783 sedi.
648 2694 786 2784 Vides,
815 2693 895 2782 quia
909 2714 983 2765 non
1002 2691 1138 2786 semper

141 2797 261 2868 imbra
276 2792 395 2887 stetit,
432 2792 490 2866 sed
509 2793 591 2867 inde
616 2792 659 2864 ad
681 2794 830 2866 meliora
850 2791 1054 2886 transierit,
1088 2793 1140 2866 di-

141 2917 174 2968 t:
206 2897 258 2965 Et
277 2892 406 2982 frubbus
426 2899 493 2990 ejus
511 2896 609 2965 dulcit
631 2899 668 2961 in
685 2911 816 2985 gutture
831 2915 905 2966 meo.
958 2889 1060 2986 EgO,
1087 2894 1139 2966 in-

141 3017 169 3087 ;,
200 2993 401 3066 desideravi
417 2996 590 3067 inumbra
610 2994 683 3085 ejus
700 2992 944 3083 requiescere,
973 2989 1030 3064 scd
1043 2991 1138 3083 post-

141 3117 175 3168 m
200 3116 263 3167 me
283 3094 339 3167 sua
358 3097 520 3185 protexit
539 3095 685 3182 umbra,
714 3095 820 3164 etiam
846 3090 962 3165 frudiu
978 3091 1070 3163 illius
1091 3089 1139 3166 sa·

141 3192 328 3273 nussum,
356 3193 543 3266 &fruitus
566 3195 640 3285 ejus
657 3193 771 3264 dulcis
792 3196 827 3264 in
848 3206 993 3285 gutture
1014 3214 1112 3268 men.

142 3315 177 3387 7.
211 3297 407 3364 Intredvcr'te
421 3320 467 3363 me
483 3301 519 3362 in
537 3297 658 3366 domum
674 3298 760 3367 vini.
811 3291 915 3364 Foris
928 3288 1139 3381 stetitspon·

141 3455 143 3472 .
182 3395 217 3466 dt
250 3395 293 3464 ab
320 3391 444 3485 sponsa
470 3391 646 3487 susceptus
669 3392 730 3467 est.
790 3389 833 3462 In
858 3390 977 3462 medio
1006 3393 1139 3484 quippe

141 3515 223 3565 rum
248 3494 340 3565 illius
370 3495 561 3585 requievit.
620 3491 797 3564 Proximae
825 3491 1028 3582 juvencula
1062 3512 1138 3561 non

141 3592 383 3683 :istiusmodi‚
408 3609 449 3670 ut
465 3591 627 3685 sponsum
643 3590 818 3684 hospitem
838 3591 967 3661 habore
979 3609 1138 3661 merean-

195 3690 426 3764 Muititudini
443 3691 531 3765 foris
545 3696 580 3763 in
595 3692 773 3783 parabolis
791 3692 963 3779 loquitur.
1016 3690 1135 3785 Quam
1215 3759 1218 3766 ,

141 3813 232 3884 eor,
259 3813 307 3864 ne
319 3793 438 3864 multae
452 3791 723 3864 adolescentuiae
739 3790 837 3863 forte
851 3809 919 3859 nos
936 3787 1051 3860 simus.
1080 3791 1136 3857 In-

141 3901 228 3965 vcite
243 3916 292 3962 me
307 3897 343 3961 in
355 3892 476 3961 domum
491 3899 578 3971 virzi,
630 3890 705 3962 Cur
720 3907 790 3962 tam
803 3888 862 3959 diu
872 3887 961 3959 soris
975 3885 1135 3960 maneo?

141 4018 168 4067 :e
181 3993 239 4067 sto
258 4005 344 4065 ante
365 3990 546 4066 ostium&
565 3990 679 4086 pulsu.
728 3989 765 4060 Si
787 3988 863 4081 quis
886 3989 970 4060 milri
989 4006 1135 4079 aperue-

162 4093 346 4190 ingrediar
369 4091 535 4184 adeum,
573 4090 784 4163 dt-coenabo
806 4108 886 4159 cum
907 4107 977 4177 e0,
1006 4084 1133 4176 &ipse

141 4217 218 4268 eum.
272 4193 472 4266 Introducire
485 4218 540 4264 me.
591 4189 640 4262 Et
659 4209 755 4261 nunc
773 4188 895 4262 eadem
915 4186 1002 4258 dicit
1019 4183 1134 4256 sermo

142 4317 234 4390 uus,
274 4313 376 4368 ecce
409 4291 563 4367 Christus
596 4289 775 4382 ioquitvr,
806 4286 1035 4364 introducite
1067 4307 1142 4370 me.

533 4389 620 4479 Dr
961 4394 1095 4487 vobis
