2734 4859
255 621 325 702 ur
347 573 691 700 rnovrnnra
715 619 1074 709 satomonrs.
1098 631 1101 636 ·
1167 659 1216 718 n

127 785 320 882 Epientiae
345 787 461 862 verba
482 785 712 862 annuntiant.
777 785 964 880 Ejusmodi
980 791 1032 867 est
1046 795 1153 871 etiam
1168 798 1212 874 il·

127 889 215 962 lud:
244 889 306 962 Ex
325 891 410 959 Sion
428 888 529 958 exibit
547 888 621 974 sex,
644 885 683 963 U
700 887 830 958 verbnm
850 893 986 963 Domini
1004 919 1043 966 tx
1068 898 1208 990 Jerusa-

133 987 205 1060 ta.
258 988 340 1086 Qui
365 987 460 1062 enim
485 985 606 1060 servat
627 987 772 1084 legem,
800 986 1003 1082 sapientiam
1031 998 1205 1086 acquiret.

136 1089 301 1160 Susura
323 1091 443 1178 enim,
468 1086 603 1178 inquit,
628 1093 719 1156 uobis
732 1089 909 1186 justitiam,
935 1098 1045 1165 metite
1063 1100 1102 1163 in
1127 1110 1205 1168 tem-

128 1194 310 1286 peravita.
368 1186 511 1260 Deinde
535 1184 616 1279 post
639 1185 815 1262 astionem
832 1191 1054 1289 adjungitur:
1081 1196 1204 1268 Idumi.

125 1305 208 1362 rute
223 1289 321 1360 vobis
341 1288 448 1358 samen
460 1285 611 1375 strande.
639 1357 642 1362 ,
1124 1355 1126 1360 .

85 1407 87 1424 “
210 1389 355 1462 Provide
374 1388 454 1458 iana
466 1411 569 1458 coram
586 1384 697 1461 Dea&
707 1386 895 1466 hominibus.
922 1386 979 1482 si,
995 1392 1094 1482 quod
1112 1397 1201 1491 agir,

132 1487 169 1562 in
189 1486 367 1582 sapientia
391 1487 540 1580 feceris,
567 1489 635 1561 eris
654 1483 748 1559 filius
771 1486 868 1583 Dei,
901 1490 1204 1582 quemadmodum·

133 1585 262 1662 didam
279 1588 355 1662 est:
382 1592 498 1659 Omnia
518 1593 556 1657 in
566 1587 726 1683 fiapientia
738 1577 856 1683 fecisti.

209 1693 347 1760 Honora
376 1691 546 1760 marinum
568 1687 604 1759 de
618 1685 714 1784 jrrflit
733 1692 799 1757 tuis
817 1687 984 1762 laboribus.
1034 1689 1198 1766 Honoris

136 1789 362 1864 voeabmnm
377 1788 499 1863 divina
518 1787 689 1883 scriptura
713 1786 759 1860 de
778 1786 880 1861 dono
906 1790 1115 1882 plerunque
1140 1815 1199 1866 ac·

133 1889 230 1984 cipit.
282 1885 354 1960 Ait
371 1889 485 1980 enim,
516 1887 787 1972 siderationem,
813 1912 969 1985 quaerre
982 1890 1200 1980 viduaesuntr

132 2009 174 2062 ac
189 1987 214 2062 si
232 1987 360 2083 dicat,
386 1989 455 2060 illis
469 1989 661 2081 impartire.
713 1983 951 2060 Eleemosrnae
964 2001 1081 2063 autem
1098 2011 1199 2066 voce

133 2085 621 2181 abstinuit,.ne,videretur,
648 2086 793 2166 viduam
808 2087 1025 2180 deprimere.
1075 2087 1197 2162 Sed&

136 2186 286 2262 salvator
308 2187 384 2262 ait:
412 2192 573 2284 Scriptum
594 2188 634 2285 est
656 2194 693 2256 in
708 2187 796 2280 iege:
823 2190 943 2259 honora
960 2203 1082 2284 patrem
1102 2205 1198 2260 turem

135 2286 318 2364 &narrem
339 2303 458 2376 tuam,
492 2287 524 2360 dt
545 2309 622 2380 quae
640 2284 846 2380 sequuntur.
904 2293 953 2358 De
963 2287 1057 2386 justis
1075 2303 1196 2364 autem

133 2387 303 2475 laboribus,
328 2387 443 2480 dixit,
467 2409 514 2460 ne
529 2389 573 2460 de
583 2389 706 2480 rapina
718 2388 957 2482 intelligatur,
985 2388 1100 2477 deque
1112 2409 1195 2461 ava-

134 2490 212 2562 titia.
265 2487 330 2560 Ac
360 2490 506 2578 nequis
530 2486 716 2560 tundetur
740 2487 849 2559 dare:
885 2509 953 2560 nec
977 2487 1070 2560 enim
1097 2489 1195 2579 quic-

107 2633 111 2646 ·
137 2607 223 2678 quam
241 2589 289 2660 ad
303 2585 573 2660 excusationem
588 2585 763 2679 superest,
792 2607 872 2661 cum
887 2587 995 2658 vidua
1009 2588 1067 2657 iila
1084 2608 1194 2660 evan·

104 2665 111 2772 1
134 2690 232 2782 gelica
251 2709 406 2761 omnem
427 2686 559 2761 vidium
580 2687 677 2760 suum
698 2683 848 2777 miserit,
875 2708 988 2778 eaque
1005 2687 1193 2758 liberalita-

135 2801 165 2858 te
178 2787 290 2862 iuerit
303 2783 518 2880 justificata,
542 2808 620 2859 non
633 2807 704 2879 prae
718 2788 805 2863 illis,
831 2786 889 2876 qui
906 2808 950 2860 ex
965 2786 1106 2876 rapina,
1132 2785 1192 2858 sed

136 2889 240 2977 quiex
258 2886 518 2961 abundanti&
541 2885 719 2979 superfluo
744 2883 921 2958 miserant.
972 2885 1192 2975 Temperan-

137 2985 319 3062 tiaautem
345 3007 386 3057 ac
407 2986 542 3076 reliqua
558 2987 732 3058 virtutum
751 3004 882 3077 opera,
907 2984 987 3055 data
1007 2984 1085 3055 sunt
1103 2984 1189 3056 Deo

142 3085 251 3162 debita.
309 3084 459 3158 Etenim
473 3107 518 3158 ex
535 3087 702 3158 omnibus
720 3085 879 3180 frugibus
894 3084 1015 3155 dandae
1032 3081 1192 3176 suntpri·

142 3187 223 3258 nita
236 3183 415 3258 Ecclesiae
433 3184 708 3278 &pauperibus
745 3182 815 3256 Sed
829 3183 862 3255 &
874 3183 927 3275 is,
956 3185 1014 3273 qui
1030 3205 1047 3254 a
1063 3183 1189 3256 somno

137 3279 247 3382 sugit,
277 3285 394 3357 debet
415 3284 498 3356 dare
517 3284 601 3357 Deo
623 3283 820 3376 primitias,
847 3302 971 3374 preces
997 3283 1188 3364 videlicet,

134 3381 373 3458 &verborum
384 3384 555 3476 primitias
573 3403 636 3476 par
651 3381 703 3454 est
721 3382 793 3454 dari
807 3380 970 3478 psalmos.
1021 3381 1079 3453 Sic
1093 3384 1187 3456 enim

133 3481 309 3575 maurum,
335 3498 377 3554 ut
391 3484 457 3554 tibi
472 3483 630 3555 dicatur:
656 3481 696 3558 ds
712 3481 872 3557 benedriia
886 3484 999 3554 horrea
1016 3497 1073 3552 tua
1089 3478 1128 3556 ss
1141 3506 1188 3552 re·

131 3582 325 3682 siqniaetua,
353 3582 638 3657 animaescilicet.
793 3639 798 3645 .
1085 3619 1090 3632 ·

195 3689 286 3755 Deus
300 3683 468 3778 sapientia
479 3683 644 3774 fundavit
657 3697 789 3759 terram.
841 3677 971 3754 Anima
989 3699 1133 3770 quoque
1147 3676 1196 3751 fi-·

131 3781 206 3856 desis
225 3799 327 3856 terra
340 3780 413 3871 est,
441 3783 620 3855 centesimi
634 3779 774 3858 studius
785 3779 896 3854 ferax.
948 3780 1036 3852 Haec
1055 3802 1098 3850 ex
1111 3779 1188 3868 pin·

131 3885 297 3976 guedine,
314 3881 433 3974 idest,
452 3880 622 3976 sapientia
637 3880 772 3975 sapiens
785 3880 964 3970 redditur,
983 3879 1067 3950 Deo
1080 3879 1187 3968 ipsam

130 3981 222 4074 super
237 4005 282 4057 ea
294 3981 481 4057 fundante.
531 3981 649 4055 Firma
667 3981 760 4052 enirn
771 3977 857 4052 sede
873 3978 977 4071 super
992 3999 1067 4049 eam
1086 3980 1186 4076 locat

129 4080 293 4158 doiirinae
311 4083 428 4178 prima
448 4080 676 4169 rudimenta,
703 4081 816 4152 robur
838 4077 960 4152 stabile
979 4100 998 4149 a
1016 4075 1193 4170 sapientia.

129 4183 305 4272 praestans:
339 4181 551 4274 semperque
571 4176 853 4276 proficientem,
889 4181 1015 4249 coeium
1039 4174 1193 4247 tandem*

131 4282 254 4379 efficit,
287 4282 544 4360 mundiffimam
570 4277 800 4377 struituram,
836 4281 1128 4379 angelorumque·
1145 4296 1199 4352 au·-

621 4377 658 4452 Β
675 4398 703 4469 3
1034 4406 1144 4465 men·
