2734 4859
85 575 92 714 i
418 565 884 649 Hontttunv..

85 731 453 825 {tumus-velamen,
478 731 576 827 quod
599 728 642 806 fit
661 754 708 806 ex
728 727 951 830 ignominia,
981 726 1186 826 deponere,

85 833 103 876 ⁵'
131 831 177 912 ab
192 833 345 910 honoris
369 852 480 926 opera
494 832 781 925 contendamus,
805 828 963 922 illudque
984 826 1184 906 salvatoris

129 933 245 1012 nostri
263 930 392 1006 didium
417 933 679 1026 intelligamus:
720 935 766 1002 Ur
788 953 892 1002 marr
917 930 1125 1029 irrnarfflcarar
1137 932 1187 1021 fi·

129 1037 231 1124 iiam,
250 1033 330 1132 ficut
348 1031 559 1123 bononiam
575 1047 717 1127 patrem,
741 1049 811 1104 nec
829 1025 906 1104 nori
926 1027 1063 1103 &iliud
1080 1028 1185 1126 Apo·

129 1134 234 1210 stoiir
270 1135 330 1204 Per
354 1136 646 1230 prevaricationem
663 1130 740 1228 legis
765 1128 1076 1206 neminimus.
1123 1128 1186 1225 Ju-

129 1235 226 1326 stur,
250 1230 340 1305 ficut
361 1232 519 1304 honorat
537 1243 694 1325 patrem,
728 1228 886 1304 honorat
904 1227 1027 1305 filium.
1075 1227 1185 1330 igno·

131 1332 262 1425 minia,
289 1331 430 1422 quando
456 1332 639 1404 inhonoro
665 1327 797 1418 filium,
821 1325 966 1424 eadem,
991 1349 1060 1422 qua
1078 1332 1185 1408 inho·

130 1415 228 1512 ffo'ro
246 1439 404 1526 patrem,
428 1430 592 1505 velamen
612 1427 656 1504 fit
671 1428 774 1503 faciei
789 1448 896 1521 mem,
920 1426 1080 1508 &dicor
1106 1435 1185 1504 caa-

130 1535 241 1636 periit
260 1555 317 1601 aas
342 1534 523 1624 ignominia.
581 1532 814 1627 Quapropter
831 1525 1063 1625 agnoscentes
1087 1531 1187 1605 vela·

130 1653 238 1722 men,
264 1629 361 1722 quod
374 1648 484 1724 opera
498 1627 716 1703 confuiionia
731 1629 945 1724 imponunt,
970 1628 1015 1703 ab
1031 1629 1186 1728 ignomi-

132 1737 201 1810 niae
221 1727 353 1803 aubibus
371 1728 568 1802 auferamus
587 1730 764 1802 velamen.
812 1723 855 1801 In
874 1726 995 1808 nostra
1012 1730 1064 1804 est
1079 1744 1186 1826 pote·

121 1835 244 1922 state,
270 1827 401 1902 tollere
419 1829 581 1903 velamen
593 1875 605 1912 ,
630 1825 761 1901 nullius
783 1827 939 1901 alteriue
990 1832 1079 1901 Dm
1100 1836 1186 1906 min

132 1937 174 2007 ad
199 1931 370 2002 mammam
390 1928 514 2021 Moyses
540 1927 779 2012 revertebatur,
807 1924 1010 2020 asariam
1024 1929 1183 2006 velamen.

133 2031 277 2120 Viden,
299 2039 344 2100 ut
361 2024 510 2119 Moyses
526 2026 741 2119 quandoque
757 2022 912 2102 sumatur
931 2045 999 2123 pro
1016 2027 1185 2124 populo?

133 2134 234 2208 Dum
249 2147 325 2200 non
345 2127 596 2201 revertebatur
612 2126 656 2202 ad
670 2125 883 2218 Dominum,
906 2127 1033 2223 populi
1049 2131 1093 2203 td
1105 2129 1187 2206 Do·

135 2234 270 2308 minum
283 2246 358 2300 non
375 2226 593 2300 revertentis
606 2221 754 2323 figurata
770 2244 917 2324 gerent,
943 2227 1109 2302 velamen
1124 2229 1187 2304 ht·

117 2333 216 2426 ,buit
231 2325 382 2423 poiitum
398 2324 500 2418 super
519 2325 646 2399 faciem
662 2324 783 2413 suarna
810 2343 918 2416 quum
936 2343 1029 2403 vero
1046 2328 1090 2402 ad
1105 2327 1186 2403 Do·

135 2435 270 2507 minum
283 2428 554 2516 revertebatur,
580 2424 839 2502 revertentium
853 2423 897 2497 ad
911 2425 1107 2502 Dominum
1127 2442 1188 2522 ty..

136 2552 222 2625 pum
235 2545 379 2622 gerens,
406 2540 494 2598 tunc
510 2524 674 2600 demebat
687 2524 872 2616 velamen,
896 2528 1006 2620 idque
1017 2547 1093 2602 non
1103 2550 1189 2621 qua·

136 2634 172 2705 le
195 2627 296 2702 Deus
318 2624 351 2696 ei
373 2639 601 2719 preceperat.
663 2623 754 2698 Non
777 2625 869 2697 enim
895 2628 986 2702 dixit
1006 2626 1188 2704 Dominus

137 2727 283 2819 Moysi:
309 2745 450 2819 appone
468 2724 631 2798 velamen
644 2765 669 2817 ‚·
682 2721 742 2798 sed
761 2743 842 2796 cum
857 2726 998 2802 videret
1016 2724 1188 2824 Moyserr

138 2849 216 2904 non
238 2821 337 2920 poffe
359 2825 532 2919 populum
559 2824 683 2897 videre
709 2822 859 2922 gloriam
884 2828 988 2924 ejur,
1023 2830 1189 2918 ponebat

138 2930 305 3001 velamen
327 2919 429 3015 super
452 2922 577 2996 faciem
596 2921 714 3017 suam‘,
748 2941 818 2994 nec
835 2923 1189 3020 exspeuavitneum

138 3029 339 3102 dicentem:
366 3023 512 3096 detrahe
534 3024 720 3114 velamen,
744 3041 825 3096 cum
844 3023 889 3097 ad
909 3023 1108 3101 Dominum
1128 3047 1191 3101 re-

134 3126 357 3201 vertebatur.
585 3170 587 3174 «

211 3247 248 3321 9.
274 3222 358 3294 Hoc
374 3222 494 3314 itaque
516 3217 773 3313 scriptumest,
797 3232 840 3293 ut
856 3235 897 3295 tu
913 3241 1079 3316 quoque,
1105 3223 1190 3303 euin

139 3319 834 3498 {iiiimxiiiirritatu}
858 3323 1193 3500 iuditii

141 3519 337 3596 conversus
368 3474 477 3592 iueiis
500 3518 543 3592 ad
563 3518 783 3606 Dominum,
822 3534 910 3595 tunc
928 3521 1067 3596 auferes
1093 3525 1193 3598 veia-

140 3643 248 3710 men,
270 3641 338 3693 nec
361 3620 508 3713 amplius
527 3619 649 3692 dices:
685 3621 848 3714 cmparuir
868 3646 925 3699 nar
944 3626 1117 3716 igmarinr'a
1135 3647 1192 3696 na·

134 3723 215 3822 fira.
265 3719 378 3793 Verbi
403 3720 539 3813 gratia,
564 3717 588 3791 st
612 3718 649 3792 in
673 3717 788 3792 anima
809 3719 930 3794 nostra
949 3722 1002 3795 ira
1022 3720 1192 3797 adversar

141 3818 339 3914 qnempiam
356 3817 540 3895 insederit,
565 3818 764 3910 impositum
780 3816 831 3894 est
848 3821 1010 3902 velamen
1027 3818 1130 3915 super
1141 3821 1212 3906 fai.

143 3921 236 3992 ciem
250 3915 415 3992 nostram.
466 3917 553 3992 ldeo
574 3914 599 3990 fi
619 3919 788 3991 volumus
804 3933 950 3995 oranter
967 3920 1110 3996 dicerer
1135 3924 1195 3993 Si·

141 4034 274 4114 gnatum
289 4016 330 4112 ιβ
348 4020 437 4115 {uper
450 4041 507 4090 nor
529 4017 636 4087 iumen
654 4017 852 4111 vulturni,
879 4022 1037 4113 Druna,
1059 4014 1194 4110 aufera-

85 4119 90 4170 Γ
140 4139 219 4196 mur
239 4119 425 4199 velamen,
452 4117 592 4189 &iilud
606 4113 775 4210 Apostoli
796 4117 1015 4211 praestemust
1043 4120 1123 4196 Vola
1144 4144 1202 4197 era

85 4245 88 4310 ;
138 4243 175 4320 gr
198 4209 286 4299 aiios
308 4240 397 4293 arara
424 4222 462 4290 in
484 4218 569 4292 orani
585 4215 672 4316 iero,
704 4216 850 4293 iwantrr
868 4240 969 4334 ‘urar
989 4218 1196 4334 marafim

85 4335 88 4368 Ι
251 4359 264 4402 χ
880 4357 885 4364 ·
1093 4340 1150 4389 Μ
