2734 4859
430 603 892 687 PROLOGU&
1154 637 1204 713 ῃ

137 773 310 878 Quintum
325 771 418 870 post
438 773 517 848 hcc
528 773 706 846 canticum
724 769 775 845 est
787 773 825 846 in
838 769 996 844 secundo
1017 771 1113 848 libro
1133 773 1204 850 Re·

136 895 302 976 gnarum,
330 894 419 948 cum
435 875 583 946 locutus
602 870 654 945 est
668 871 790 944 David
807 872 851 944 ad
869 871 1068 947 Dominum
1086 878 1202 950 verba

138 977 256 1050 cantici
273 975 390 1067 liuius
406 975 445 1048 ln
464 973 545 1067 die,
570 993 638 1064 qua
655 971 827 1048 liberavit
850 993 931 1046 eum
950 969 1133 1046 Dominus
1154 976 1202 1050 de

136 1097 225 1152 manu
238 1075 415 1148 omnium
429 1074 655 1148 inimicorum
667 1068 834 1165 suorum,
861 1071 1078 1146 &demanu
1098 1073 1199 1168 Saul,

138 1173 287 1248 nuxit:
320 1179 484 1246 Dominus
504 1175 590 1244 mihi
602 1188 696 1268 petra
714 1172 754 1248 U
772 1174 911 1243 munnio
931 1195 1022 1260 mea,
1045 1173 1201 1248 liberator

93 1287 96 1304 ²
135 1279 311 1355 nennius,
342 1279 438 1346 Deus
451 1273 640 1370 mcmcefles
652 1277 717 1344 erit
729 1273 821 1343 mibi.
872 1270 909 1343 Si
926 1291 1015 1368 ergo
1030 1272 1062 1344 &
1078 1287 1119 1344 iu
1132 1294 1198 1366 po·

90 1387 93 1412 ²
132 1372 516 1464 urrinnandane,
543 1371 699 1466 quisunt
717 1372 852 1446 mimici
875 1369 1020 1464 David,
1047 1393 1139 1463 quos
1159 1375 1199 1449 in

130 1477 239 1570 primo
255 1475 296 1550 δι
317 1471 478 1547 secundo
494 1472 704 1570 Regnorum
722 1471 818 1545 libro
834 1471 975 1564 superat
991 1491 1032 1543 ac
1044 1473 1199 1564 proster-

129 1577 198 1668 nit,
221 1575 473 1666 &quomodo
491 1572 615 1670 dignus
636 1569 749 1647 factus
766 1571 843 1664 est,
870 1569 1077 1644 utDomini
1099 1572 1199 1666 adJu-
1258 1571 1262 1586 '

129 1675 261 1748 torium
274 1689 504 1766 mereretur,
529 1673 791 1746 &liberaretur
808 1675 852 1746 ab
867 1669 1072 1764 hujusmodi
1085 1670 1200 1748 inimi·

130 1775 192 1850 u'a:
217 1787 314 1848 tunc
330 1776 471 1866 poteria
491 1773 526 1844 ἁ
542 1785 584 1844 tu
599 1775 762 1865 quintum
785 1771 875 1844 istud
897 1771 1075 1845 canticum
1095 1793 1199 1848 cane-

128 1893 173 1950 re.
230 1873 392 1948 Sextum
420 1871 472 1946 est
493 1873 675 1947 canticum
695 1872 732 1946 in
752 1873 870 1966 primo
896 1869 1199 1962 Paralipomenon

129 1975 248 2066 libro,
283 1973 352 2046 ubi
370 1971 558 2046 constituit
579 1971 704 2044 David
728 1972 766 2045 in
788 1970 968 2066 principio
991 1968 1035 2042 ad
1053 1973 1199 2049 laudan·

130 2073 207 2148 dum
221 2073 430 2148 Dominum
442 2069 586 2166 Aiaph,
612 2070 647 2144 ἃ
665 2071 794 2144 fratres
813 2070 911 2164 eius,
937 2071 972 2143 ἀ
993 2068 1044 2142 est
1059 2073 1200 2150 initium

85 2207 89 2248 e
130 2173 258 2248 cantici
273 2172 377 2246 istius
391 2172 483 2245 tale:
510 2171 849 2246 mutinensium
869 2168 908 2248 (Ἰ
921 2173 1132 2264 confitemini,
1158 2173 1200 2250 θ’

131 2279 280 2344 invocate
296 2296 368 2342 um
387 2277 426 2344 in
445 2275 574 2344 minine
594 2275 684 2370 ejus,
710 2287 803 2345 notas
820 2271 925 2367 facite
940 2279 978 2342 in
995 2276 1120 2370 populis
1141 2299 1201 2348 uc·

129 2373 274 2446 lunium
289 2377 380 2470 ejus,
405 2377 509 2448 canite
517 2377 565 2464 ei,
590 2373 630 2450 U
645 2375 802 2468 hymnum
811 2376 921 2460 dicite,
943 2393 1077 2446 narrate
1091 2397 1199 2449 omncs

131 2477 383 2546 adinventiones
399 2475 484 2572 qur,
509 2496 587 2571 quas
594 2472 677 2568 fecit
693 2477 869 2562 Dominus,
897 2473 963 2572 &c
1004 2472 1200 2554 Sciendum

131 2587 249 2647 umen
262 2571 338 2666 est,
360 2573 459 2664 quod
473 2575 651 2648 canticum
666 2573 828 2666 quidem,
855 2574 954 2664 quod
968 2571 1018 2647 est
1029 2578 1068 2650 in
1077 2575 1199 2650 secun·

131 2675 176 2746 do
194 2673 417 2769 Regnorum
443 2673 564 2755 libro,
600 2673 707 2746 valde
731 2672 840 2747 simile
868 2673 919 2746 est
942 2673 1076 2766 psalmo
1104 2697 1197 2751 xvn.

133 2771 246 2872 Quod
260 2788 385 2846 autem
400 2769 502 2845 estin
518 2774 637 2868 primo
650 2773 746 2845 libro
763 2772 1063 2865 Paralipomenon
1080 2776 1116 2850 in
1132 2777 1198 2850 ini·

130 2875 185 2946 tiis
211 2873 362 2966 quidem
385 2893 500 2963 usque
524 2873 568 2946 ad
591 2894 672 2947 eum
693 2874 840 2965 locum,
867 2875 927 2945 ubi
949 2875 1061 2946 dicit:
1090 2878 1137 2948 Et
1158 2881 1207 2946 in·

88 2971 93 2986 '
128 2973 293 3072 prophetis
311 2972 413 3046 nolite
429 2975 619 3065 malignari,
655 2971 766 3046 simile
782 2971 833 3046 est
849 2993 923 3048 crv,
939 2970 1086 3066 psalmo.
1128 2974 1198 3050 Po·

129 3073 283 3148 steriora
296 3091 392 3145 vero
407 3073 451 3146 ab
469 3074 542 3146 hoc
556 3073 644 3144 loco
654 3071 916 3146 similitudinem
932 3087 1063 3169 gerunt
1073 3075 1199 3168 prima-

130 3195 207 3248 rum
234 3171 393 3270 partium
411 3193 495 3246 xcv.
518 3173 600 3268 psal.
621 3173 682 3245 ubi
705 3171 865 3245 dicitur:
900 3176 1039 3246 cantate
1059 3179 1198 3248 Domino

131 3278 235 3345 annis
251 3289 356 3358 ema,
370 3272 539 3364 usquead
554 3274 788 3363 eunlocum,
802 3273 864 3344 ubi
882 3273 948 3344 ait:
975 3277 1065 3366 Quia
1082 3283 1197 3366 venit,-

126 3375 275 3474 jnlicare
292 3387 424 3444 eoram.
472 3370 623 3468 Igiturfi
644 3373 680 3444 in
698 3372 753 3444 his
769 3372 1040 3447 concludendus
1061 3375 1112 3448 est
1132 3397 1198 3454 nu·

130 3493 253 3548 merus
272 3474 521 3564 canticorum,
547 3469 699 3563 septimo
720 3471 758 3544 in
776 3471 865 3543 loco
882 3475 1072 3567 ponendus
1098 3475 1198 3550 vide-

131 3576 231 3648 bitur
258 3573 351 3644 libcr
378 3572 437 3644 hic
466 3567 605 3644 Cantici
629 3567 876 3645 canticorum.
935 3572 973 3644 Si
1002 3575 1079 3665 quis
1105 3596 1197 3650 vero

131 3674 240 3746 etiarn
250 3667 362 3744 Esaiae
375 3669 552 3745 canticum
561 3692 641 3742 curn
657 3671 793 3742 caeteris
808 3672 1064 3746 numerandum
1079 3691 1199 3770 putet,

131 3773 219 3846 licet
247 3791 327 3844 non
348 3768 456 3844 valde
483 3771 684 3844 convenire
706 3769 900 3862 videatur,
936 3788 976 3844 ut
999 3774 1200 3866 praeceffilie

132 3885 284 3966 putetur
310 3865 420 3944 Esaiae
441 3871 644 3962 canticum,
679 3871 779 3960 quod
805 3873 914 3968 longe
937 3873 1198 3965 posterioribus

131 3969 362 4064 temporibus
379 3966 498 4042 Esaias
517 3967 715 4064 scripserit:
749 3982 895 4052 tamen,
921 3971 946 4045 fi
969 3973 1046 4064 quis
1072 3987 1199 4066 putet,

131 4071 233 4165 quod
255 4068 472 4165 prophetica
490 4067 581 4143 dicia
602 4089 679 4143 non
698 4071 922 4164 temporibus
938 4125 950 4164 ‚
978 4070 1037 4146 sed
1055 4075 1198 4147 ratione

129 4168 310 4266 pensanda
321 4169 403 4258 sint,
420 4168 591 4266 adjunget
609 4168 717 4241 etiam
730 4168 816 4241 illud
830 4173 1029 4244 canticum:
1057 4175 1199 4246 &dicet

129 4271 228 4369 loc,
252 4268 352 4366 quod
366 4267 544 4348 Salomon
558 4269 710 4366 cecinit,
736 4266 924 4353 Canticum
942 4269 1011 4350 elle
1030 4271 1205 4351 Cantico-

1077 4399 1166 4462 rum
