2734 4859
307 701 312 708 x
452 594 896 692 HOMILiAl.
1132 637 1206 714 353

85 771 87 868 j
137 791 220 866 quae
237 767 329 845 diua
349 767 447 861 sunt,
473 767 634 863 Jeremiae
650 770 879 865 deputentur.
908 772 1020 850 Dicet
1035 776 1121 854 milri
1140 779 1205 852 ali-

85 873 87 884 '
139 875 221 966 quis
248 870 470 960 auditorum,
508 868 613 941 etiam
639 871 745 944 alium
770 867 1124 968 pandesermonem,
1166 878 1215 953 δι’

139 969 289 1060 cunita,
324 988 399 1059 que
421 964 548 1060 scripta
573 966 652 1040 sunt
673 967 776 1061 super
796 969 1007 1064 salvatore,
1042 977 1135 1065 quafi
1154 978 1202 1052 de
1273 1053 1276 1058 ,

141 1091 190 1146 eo
208 1070 275 1143 fint
294 1065 442 1160 scripta,
469 1066 663 1161 constitue:
689 1069 734 1141 de
748 1066 908 1143 secundis
926 1073 1001 1148 noli
1017 1071 1088 1145 esse
1105 1073 1200 1148 solli·

141 1171 247 1243 citus.
300 1168 462 1258 Apparet
475 1167 582 1256 enim,
609 1166 1109 1258 quiaSaivatoreradicaverit
1120 1194 1201 1272 reg·

141 1291 189 1344 na
205 1267 363 1346 Diaboli,
389 1264 605 1338 &nationes
627 1265 854 1350 subverterit,
879 1272 1047 1365 gentilem
1065 1271 1201 1345 destru-

142 1389 208 1441 ens
226 1369 350 1440 vitam.
401 1364 442 1437 ln
457 1364 528 1437 istis
545 1363 641 1455 quod
658 1367 873 1440 intelledtvm
892 1367 1066 1444 difficilem
1084 1372 1198 1469 facit,

95 1481 98 1494 ·
140 1469 216 1542 hoc
236 1465 308 1557 est,
341 1465 527 1557 quomodo
544 1464 647 1556 poffir
666 1462 833 1555 Salvator
856 1467 993 1540 dicere:
1024 1472 1202 1554 lliesciolo-

140 1571 209 1664 qui,
235 1569 309 1662 quia
321 1568 453 1659 juvenis
471 1587 519 1656 ego
531 1564 616 1655 sum,
643 1563 830 1639 &catera
880 1565 922 1639 ln
939 1565 1012 1640 hoc
1031 1565 1199 1644 sermone

140 1669 420 1756 interpretantes
443 1661 742 1757 coangustantur.¹
787 1662 902 1758 Jeiunr
929 1662 1104 1741 Christum
1134 1667 1203 1740 sci·¹

141 1785 222 1841 mus
241 1763 376 1837 Deum:
409 1762 593 1853 quaerimus
610 1763 742 1853 verba,
770 1783 847 1853 que
863 1762 952 1836 didla
968 1763 1067 1858 sont,
1089 1767 1196 1856 iuxta

140 1861 302 1958 personae
319 1881 501 1954 exponere
515 1860 737 1955 dignitatem:
764 1877 983 1956 quapropter
996 1862 1195 1940 neceffeest

141 1963 249 2037 nobis
265 1960 451 2053 scripturas
468 1958 597 2031 sanetas
613 1960 649 2031 in
666 1957 905 2034 testimonium
924 1980 1082 2051 vocare3
1115 1961 1197 2036 sen·

141 2060 197 2135 sus
220 2062 350 2153 quippe
371 2059 482 2131 nostri
498 2060 531 2129 dr
547 2059 789 2132 enarrationes
809 2059 880 2132 fine
894 2058 936 2132 iia
955 2059 1100 2134 testibus
1114 2082 1194 2137 non

141 2162 274 2236 habent
292 2156 408 2232 fidem:
435 2157 569 2251 &hoc,
598 2157 697 2248 quod
712 2155 839 2231 ditium
857 2156 924 2232 est:
953 2159 1194 2233 Inoredumron

142 2264 194 2330 val
208 2270 309 2334 triam
325 2258 445 2353 restium
452 2258 551 2353 flabit
565 2282 652 2327 omne
665 2256 809 2342 amium,
836 2259 944 2351 magis
959 2261 1135 2332 convenit
1145 2258 1192 2333 ad

96 2357 100 2380 '
142 2359 407 2451 interpretantis
437 2358 711 2451 probationem,
753 2376 856 2446 quam
884 2376 1194 2448 quorumcumque

141 2459 326 2534 hominurn
350 2476 553 2529 numerum:
591 2470 632 2527 ut
655 2451 789 2528 firmem
814 2456 965 2547 verbum
989 2457 1193 2538 intellectus

140 2559 231 2648 mei,
265 2556 440 2648 accipiens
462 2554 552 2626 duos
577 2553 683 2627 testes
709 2555 753 2626 de
768 2574 871 2626 novo
890 2553 924 2625 ur
940 2558 1054 2627 veteri
1069 2553 1195 2628 Testa-

142 2673 289 2748 mento,
322 2655 498 2746 accipiens
516 2668 587 2725 tres
606 2652 710 2725 testes
729 2653 774 2725 de
795 2651 1014 2747 Evangelio,
1041 2655 1085 2726 de
1106 2654 1195 2727 Pro·

142 2758 272 2849 pheta,
300 2755 343 2826 de
361 2752 552 2843 Apostolo.
603 2752 662 2823 Sic
677 2751 771 2826 enim
786 2749 889 2823 stabit
904 2772 1011 2824 omne
1029 2752 1193 2825 verbum.

85 2887 87 2897 =
143 2854 343 2955 Quomodo
364 2853 469 2947 igitur
489 2852 682 2923 valebimus
708 2850 770 2924 ista
787 2851 1004 2943 conjungere
1026 2849 1191 2921 Salvato-

85 2972 88 3012 r
142 2953 199 3026 ri?
227 2953 300 3026 Det
319 2951 402 3026 mihi
420 2948 658 3023 testimonium
671 2947 820 3022 vetus'f
821 2949 1066 3022 estamentum:
1091 2952 1194 3041 Quia,

85 3099 89 3113 ·
140 3059 325 3150 priusquam
348 3050 489 3143 agnoscat
511 3071 588 3143 puer
611 3050 960 3135 armamentarium,
1002 3046 1193 3121 &caetel'd.

85 3186 92 3198 ·
145 3153 222 3225 Det
243 3153 347 3222 etiarn
367 3147 486 3221 isaias:
516 3148 591 3220 Ecce
610 3150 706 3241 Virgo
720 3150 873 3241 concipiet
891 3151 927 3214 in
946 3162 1055 3233 utera,
1083 3145 1121 3221 U
1136 3167 1196 3242 po·

85 3299 90 3313 ·
143 3261 207 3323 rial
223 3252 353 3339 filium,
387 3247 424 3322 (5
439 3254 730 3318 vocabiturnomen
750 3251 815 3342 ejas
836 3248 1037 3318 Emmanuel:
1072 3246 1196 3335 ibique

85 3372 93 3414 l
144 3351 305 3424 additur:
334 3348 769 3443 Priurqaomcognoscatpuer.
810 3342 1195 3417 Siautem&deEvan·

85 3440 92 3461 '
143 3452 237 3547 gello
269 3449 432 3538 accipere
460 3462 609 3537 oportet
630 3444 889 3535 testimonium,
923 3441 1019 3536 Jesus
1042 3442 1198 3520 necdum

85 3565 89 3579 '
111 3565 114 3630 l
147 3552 225 3636 vir,
252 3547 310 3620 sed
332 3548 445 3619 adhuc
466 3546 593 3636 inians,
618 3545 699 3634 quia
720 3543 754 3617 se
770 3543 1028 3634 exinaniverat,
1044 3541 1197 3617 formem

85 3669 88 3709 r
112 3641 115 3696 l
145 3647 236 3719 servi
258 3648 454 3738 accipiens,
483 3642 704 3736 proficiebat
729 3726 734 3737 Ι
754 3642 876 3715 Nemo
895 3656 1012 3714 autem
1030 3638 1196 3733 proficit,

85 3782 88 3810 =
146 3745 204 3835 qui
221 3746 270 3818 est
286 3744 480 3837 perfeitus,
514 3742 642 3815 sedille
658 3739 823 3836 proficit,
849 3741 908 3833 qui
926 3739 1061 3836 indiget
1075 3739 1165 3833 proi
1182 3781 1197 3800 ·

85 3895 91 3911 .
144 3847 212 3919 dtu.
266 3845 361 3940 Ergo
386 3839 599 3934 proficiebat
615 3857 739 3930 aetate,
773 3837 986 3934 proficiebat
1006 3838 1198 3934 sapientia,

85 3988 96 4003 -
142 3939 357 4038 proficiebat
372 3943 501 4037 gratia,
534 3941 674 4034 &apud
695 3941 835 4029 Deum,
862 3938 1005 4031 &apud
1022 3937 1201 4018 homines.

85 4085 96 4099 -
145 4042 243 4116 Nam
267 4042 291 4114 fi
309 4054 548 4115 evacuaverat
564 4038 730 4132 seipsum,
753 4039 795 4110 ad
816 4059 884 4111 nos
902 4037 1140 4131 descendens,
1168 4042 1203 4114 dt

87 4170 100 4214 s
146 4161 325 4215 evacuans
348 4138 506 4231 seipsum,
530 4138 709 4229 resumpfit
726 4139 854 4210 iterum
870 4158 931 4231 ea,
957 4135 1145 4227 dequibus
1166 4138 1203 4211 se

85 4275 99 4316 a
144 4244 241 4336 prius
264 4253 515 4326 evacuaverat,
542 4238 625 4328 quid
641 4234 898 4338 indiguumest,
915 4233 1105 4337 proieciile
1120 4257 1204 4316 eum

202 4345 348 4437 origenis
378 4340 465 4415 Tora.
493 4341 563 4411 IX.
822 4338 856 4422 Z
1076 4336 1171 4434 leui·
1279 4383 1282 4396 ·
