2734 4859
334 635 341 648 ·
486 604 732 687 ernau
780 561 881 687 1u-¹
1119 625 1204 706 asa-

138 775 223 850 dria
243 770 509 848 descendentes.
558 770 653 845 Puto
679 772 796 865 enim,
830 770 928 864 quod
945 769 1009 865 hi,¹
1039 773 1099 864 qui
1115 789 1198 845 car-⁸

136 877 263 950 naliter
287 875 443 954 vivunt,
479 872 560 970 quia
580 872 641 946 fibi
660 872 738 964 ipfis
756 873 1005 945 tantummodo
1027 886 1188 966 nocent,

136 989 230 1050 terra
248 970 342 1066 eise,
378 971 412 1045 dt
431 975 468 1045 in
487 985 580 1044 terra
598 972 757 1044 habitare
780 971 954 1045 dicuntur.
1006 972 1054 1045 Hi
1071 989 1187 1066 vero,

136 1077 192 1168 qui
219 1072 374 1147 terrenis
398 1071 432 1144 dt
462 1071 659 1146 carnalibus
682 1068 833 1148 senfibus
859 1069 1045 1165 scripturas
1060 1071 1197 1146 intelli·

135 1185 245 1272 gunt,
277 1173 312 1246 dt
338 1172 427 1244 alios
445 1171 493 1242 ita
517 1170 684 1243 docendo
704 1171 905 1262 decipiunt,
938 1191 1005 1264 pro
1026 1191 1072 1243 eo
1087 1170 1188 1265 ipso,

135 1273 234 1368 quod
256 1270 410 1368 argutias
431 1270 596 1364 quasdam
617 1269 650 1342 dr
671 1286 876 1366 argumenta
901 1271 1048 1344 carnalis
1069 1269 1188 1344 &ter-

85 1413 88 1442 :
133 1371 229 1460 renai
247 1367 424 1464 sapientie
443 1356 672 1465 confingant,
704 1371 740 1441 in
760 1369 930 1458 inferiora
945 1385 1048 1441 terra
1064 1370 1189 1444 dicun·
1285 1451 1294 1480 ι

133 1471 193 1545 tur'
211 1469 376 1568 ingredi:
402 1469 465 1543 vel
483 1483 595 1562 certe,
621 1469 703 1560 quia
718 1471 861 1565 gravius
877 1468 1099 1562 delinquunt,
1127 1469 1196 1561 qui·

133 1585 277 1646 terrena
296 1569 452 1660 docent,
479 1589 580 1660 quam
597 1569 657 1660 qui
674 1570 723 1638 ita
741 1570 884 1660 vivunt,
910 1569 959 1640 eis
980 1569 1099 1642 futura
1116 1589 1195 1661 pre--

132 1692 178 1745 na
207 1669 316 1743 etiam
342 1670 487 1764 gravior
512 1669 688 1742 imminet:
720 1667 896 1758 iidemque
916 1667 977 1762 ipsi
1006 1669 1042 1740 in
1062 1663 1195 1741 manua

133 1767 239 1868 gladii
261 1767 424 1841 tradendi
445 1769 726 1862 prophetantur,
759 1767 851 1840 iilius
868 1765 1018 1841 fortaffis
1037 1765 1198 1840 flammei*

134 1867 371 1944 &versatilia
423 1866 622 1965 Quomodo
645 1881 762 1940 autem
778 1866 812 1936 dt
830 1879 949 1959 partes
970 1868 1130 1958 vulpium
1147 1864 1189 1939 fi-

135 1983 221 2062 ant,
243 1967 440 2041 videamus.
492 1966 620 2040 Omnis
642 1967 756 2038 anima
774 1978 835 2037 aut
851 1984 931 2058 pars
946 1964 996 2038 est
1011 1965 1100 2056 Dei,
1126 1979 1188 2039 aut

133 2087 216 2162 pars
242 2065 295 2139 est
318 2067 589 2158 cujuscumque,
617 2065 675 2155 qui
698 2064 836 2157 accepit
855 2063 1067 2155 potestatem
1085 2062 1188 2158 super

138 2159 314 2241 homines.
364 2163 458 2238 Nam
479 2190 544 2234 cum
563 2167 716 2236 divideret
734 2161 906 2254 aitiffimrrr
924 2181 1048 2258 gentes,
1073 2162 1112 2241 U
1129 2165 1196 2254 rifi·

135 2266 372 2365 pergenefitios
390 2267 509 2353 Adam,
525 2265 642 2362 floruit
650 2267 737 2354 fines
751 2269 893 2357 gentium
902 2266 1070 2354 secundum
1080 2287 1198 2337 mma*

138 2391 206 2439 rm
227 2366 406 2458 augelorum
433 2368 515 2452 Dei,
553 2365 591 2440 U
606 2362 700 2455 fedic
725 2366 765 2461 eft
787 2368 889 2458 portio
915 2369 1046 2436 Domini
1073 2362 1186 2462 Jacob.

138 2463 229 2539 Cum
244 2485 333 2560 ergo
343 2462 495 2554 constet,
520 2484 800 2554 unamquamque
814 2464 962 2538 animam
972 2464 1076 2537 autin
1086 2477 1188 2558 parte

137 2563 231 2656 Dei,
263 2580 326 2637 aut
347 2566 383 2636 in
406 2578 508 2656 parte
526 2561 595 2635 effe
614 2557 757 2635 alterius'
774 2564 984 2657 cujtrsiibet‚
1019 2567 1193 2655 quoniam.

141 2667 283 2756 quidem
309 2683 373 2757 per
396 2662 753 2751 arbitriiqlibertatem
779 2662 938 2756 possibile
959 2661 1029 2755 est,
1066 2685 1194 2744 unum-¹

140 2783 317 2856 quemque
346 2777 511 2855 exparte
534 2761 676 2834 alterius
703 2763 865 2854 transire,
901 2765 962 2836 vel
988 2764 1031 2835 ad
1052 2779 1189 2855 partem

137 2861 232 2956 Dei,
260 2856 445 2953 fimelius,
472 2859 546 2955 ipso
561 2863 733 2952 juvante,
759 2862 925 2959 elegerit,
953 2863 1012 2935 vel
1031 2863 1190 2952 sinequi·

138 2983 178 3034 us
193 2961 238 3035 ad
256 2963 454 3035 damonum
474 2964 700 3056 portionem,
725 2960 810 3033 hinc
827 2963 955 3035 horum
975 2963 1112 3034 mentio
1128 2955 1193 3034 ha·'

140 3065 248 3135 betur
271 3062 308 3133 in
328 3058 478 3152 psalmo:
511 3062 583 3160 Qui
607 3062 642 3132 in
659 3081 791 3133 vanum
811 3060 1018 3151 quaefierunt
1039 3063 1189 3135 animam

135 3160 234 3254 justi,
260 3176 378 3253 partes
395 3173 500 3231 eruut
520 3161 691 3252 vulpium,
715 3162 830 3232 veiuti
844 3160 867 3231 sr
883 3160 1031 3254 diceret,
1046 3162 1080 3232 dt
1093 3161 1196 3253 peffi··

139 3281 282 3334 morum
301 3260 334 3332 dr
351 3259 633 3349 nequiffimorum
649 3260 847 3333 damonum
867 3273 983 3350 partes
1001 3275 1123 3334 erunt:
1148 3273 1191 3333 ut

138 3380 358 3452 unaquaeque
385 3360 534 3453 maligna
557 3362 670 3430 virtus
698 3356 889 3448 &dolosa‚
916 3379 1103 3450 perquam
1131 3359 1190 3433 de·

141 3462 329 3553 ceptiones
359 3457 393 3530 u
418 3457 558 3530 fraudes
579 3456 668 3529 falsa
689 3455 840 3530 scientia
862 3458 1070 3531 introducta
1091 3458 1191 3552 suut,

140 3553 338 3656 figuraliter
352 3559 482 3652 vulpes
503 3559 745 3652 appellentur:
772 3558 806 3628 δι
822 3557 878 3648 hi,
905 3560 963 3647 qui
981 3558 1017 3630 in
1030 3559 1124 3631 hunc
1138 3579 1192 3632 er·

140 3678 262 3732 rorem
286 3658 531 3748 deducuntur,
567 3657 601 3727 ἃ
622 3658 752 3728 nolunt
775 3655 995 3747 acquiescere
1016 3656 1103 3730 sanis
1123 3656 1194 3731 ser·

139 3759 309 3834 monibus
335 3757 482 3829 Domini
510 3755 619 3827 nostri
642 3754 724 3851 Jesu
748 3754 898 3846 Christi,
934 3756 968 3827 dt
996 3749 1197 3852 dourinae,'

141 3877 221 3951 que
235 3855 427 3929 secundum
449 3856 618 3948 pietatem
643 3854 717 3946 est,
741 3852 801 3927 sed
819 3854 933 3946 decipi
952 3853 986 3927 se
1008 3858 1192 3950 patiuntur

141 3978 163 4029 a
183 3957 338 4051 talibus,
371 3955 425 4028 isti
443 3955 563 4027 talium
578 3968 695 4045 partes
711 3954 871 4048 vulpium
885 3952 990 4047 fient,
1024 3956 1057 4027 dr
1079 3958 1193 4028 intro·

139 4058 245 4130 ibunt
257 4076 339 4130 cum
356 4055 405 4127 eis
422 4055 457 4126 in
468 4053 771 4129 inferioraterrae.-
785 4052 941 4147 lpsrsunt
953 4055 1055 4149 oilli,
1077 4057 1194 4145 inqui·

140 4158 208 4229 bus
224 4153 415 4229 secundum
427 4152 659 4248 Evangelium
676 4155 804 4246 vulpes
819 4151 903 4247 ista,
920 4175 1004 4245 quas
1014 4153 1113 4245 supra
1123 4176 1194 4225 me·

140 4257 377 4346 notavimus,
389 4252 1194 4344 foveashaberedicuntur‚inquibusfiiiusho·

139 4356 242 4466 minis
254 4353 472 4449 nonhabet,
489 4353 550 4430 ubi
567 4365 675 4448 caput
688 4349 789 4434 suum
801 4354 972 4436 reclinet.
1013 4351 1220 4433 Herodem

1081 4477 1185 4553 quo·¹
1210 4510 1212 4514 -
