2734 4859
829 685 1575 813 nonu-111
1668 723 1999 831 xvm.
2123 727 2140 738 ·
2315 736 2461 833 667

320 895 709 975 toenaculo
739 891 974 993 scopis
1007 896 1360 970 mundato
1387 948 1416 989 ,
1464 897 1541 970 in
1586 897 1958 971 coenaculo
1997 908 2363 970 exornato
2393 894 2467 992 ὰ,

325 1014 614 1098 parato.
714 994 790 1070 Si
834 996 1230 1072 ascenderis
1266 1015 1430 1070 cum
1476 1018 1569 1070 eo
1600 1048 1626 1089 ‚
1679 1011 1761 1071 ut
1798 995 2059 1070 Pascha
2101 996 2462 1087 celebres,

327 1100 459 1173 dat
499 1100 711 1172 etiam
756 1098 889 1170 tibi
933 1118 1191 1192 panem
1233 1095 1751 1171 benedietionis
1789 1116 2056 1191 corpus
2099 1094 2336 1189 suum,
2392 1098 2463 1172 Gt

330 1198 740 1295 sanguinem
781 1195 980 1272 suum
1014 1198 1306 1293 praebet.
1407 1196 1588 1271 Ideo
1631 1197 2309 1287 adhortamurvbs,
2365 1196 2464 1272 as-

335 1300 627 1372 cendite
670 1298 745 1369 in
778 1295 1070 1371 sublime
1098 1350 1123 1391 ,
1176 1298 1419 1370 levate
1461 1300 1534 1370 in
1576 1299 1796 1370 altum
1842 1296 2103 1369 oculos
2151 1297 2462 1374 vestroe.

328 1400 538 1498 Quin
571 1399 640 1473 δι
670 1395 842 1471 mihi
879 1396 1200 1471 divinum
1235 1396 1534 1473 docenti
1567 1398 1872 1471 verbum
1904 1449 1930 1487 ,
1984 1395 2285 1471 dicitur:
2332 1403 2462 1470 Sn-

311 1520 444 1599 ,ριν
475 1514 748 1568 montem
781 1496 1074 1588 excelsam
1116 1495 1407 1588 alicnde,
1457 1501 1572 1598 qui
1596 1500 2007 1592 evangelizas
2039 1496 2237 1571 Sion.-
2285 1500 2462 1570 exal-

331 1616 408 1672 ta
446 1602 519 1667 in
538 1595 938 1691 fortitudine
963 1620 1169 1669 vocent
1203 1613 1419 1686 trem,
1470 1603 1585 1697 qui
1615 1604 2020 1693 evangelizas
2064 1598 2460 1694 Jerusalem.-
2570 1667 2589 1686 ,

326 1698 648 1784 exaltate,
716 1697 920 1768 nolite
965 1700 1206 1772 timere.
1304 1695 1408 1772 Et
1463 1698 1616 1772 haec
1666 1697 1949 1791 quidem
1990 1713 2296 1791 propter
2335 1697 2461 1771 Pa·

335 1795 591 1891 schor,
646 1796 850 1889 quia,
904 1816 1068 1871 cum
1117 1795 1295 1873 esset
1328 1800 1767 1872 coenaculum
1815 1798 1888 1870 in
1936 1799 2162 1871 domo
2209 1794 2460 1871 Domi·

331 1898 457 1990 ni,
507 1898 578 1970 in
623 1910 840 1990 porta
884 1896 1303 1991 Benjamin,
1374 1919 1529 1984 non
1570 1897 1643 1970 in
1679 1899 2126 1972 coenaculum
2162 1898 2462 1972 adduxit

324 1996 769 2091 Prophetam
798 2049 823 2090 ,
875 1993 995 2070 sed
1029 1997 1214 2071 infra
1245 1997 1430 2075 mifit
1477 2015 1640 2072 eum
1679 1997 1752 2071 in
1794 1997 2234 2072 cataractam.

488 2116 601 2188 14.
658 2097 757 2170 Et
793 2092 1058 2191 fastum
1109 2098 1229 2197 est,
1298 2121 1440 2169 cum
1481 2099 1779 2190 issuxfflet
1819 2103 1894 2167 in
1934 2098 2325 2193 crastinum,
2379 2101 2459 2175 σ-

323 2199 553 2268 eduxit
604 2196 872 2286 Paschor
919 2200 1279 2295 Jeremian
1315 2200 1391 2271 de
1436 2197 1787 2272 catarafla.
1891 2195 2456 2292 Domine.Jesu‚

322 2295 568 2370 rursus
608 2295 826 2370 ediis:
889 2298 1043 2372 haec
1074 2298 1286 2372 etiam
1325 2296 1503 2374 mihi
1531 2296 1823 2373 edissere
1872 2294 1939 2368 δι
1978 2296 2088 2369 his
2119 2349 2145 2388 ,
2199 2301 2316 2388 qui
2371 2300 2459 2371 ad

322 2395 759 2491 spiritualem
799 2397 1034 2470 cibum
1072 2395 1536 2473 access'erunt.
1640 2400 1817 2570 (ἐυο
1859 2394 2070 2489 pacto
2103 2447 2129 2487 ,
2159 2417 2343 2470 cum
2381 2402 2460 2472 il-

300 2494 611 2590 ,luxifl‘et
640 2497 716 2569 in
752 2496 1172 2589 crastinum,
1226 2500 1472 2572 educit
1501 2498 1647 2592 ipse
1733 2497 2110 2591 rophetarn
2142 2496 2231 2568 de
2269 2517 2459 2571 cata·

322 2594 581 2669 rasta?
635 2595 903 2672 Donec
943 2597 1295 2672 hodierna
1331 2599 1485 2671 dies
1524 2598 1905 2691 perdurat,
1953 2592 2218 2694 (hodie
2257 2602 2458 2694 quip-

316 2718 420 2793 pe
447 2717 582 2790 pro
617 2709 789 2771 toto
822 2697 973 2771 hoc
1008 2696 1265 2772 saeculo
1292 2696 1686 2792 accipitur)
1715 2697 1900 2773 infra
1926 2697 1998 2767 in
2034 2695 2459 2772 cataractam

318 2796 762 2890 Prophetam
792 2796 1108 2870 demittit
1133 2813 1519 2891 peccator3
1569 2799 1694 2870 ubi
1732 2794 2030 2889 praesens
2068 2796 2216 2869 dies
2246 2797 2481 2871 deiic-

321 2895 464 2987 rit,
498 2894 563 2968 ἀ
601 2892 898 2987 crastina
928 2895 1288 2989 illuxerit,
1319 2911 1500 2971 tunc
1517 2898 1934 2993 poenitentia
1958 2895 2206 2968 duetus
2238 2898 2459 2994 ipsum

326 2997 579 3070 educit
610 2992 700 3069 de
728 2994 1096 3071 cataracta.
1195 2994 1368 3072 Post
1393 2997 1547 3070 haec
1574 2999 1747 3070 dicit
1777 2996 1843 3069 ei
1862 2996 2240 3090 Jeremias,
2287 2999 2459 3089 quid

325 3094 640 3170 Paschor
676 3093 990 3189 passurus
1023 3097 1127 3171 fit.
1233 3096 1432 3195 Quid
1471 3097 1537 3169 ei
1570 3094 1792 3170 dicit?
1849 3099 2009 3169 Nm
2053 3098 2313 3184 Paschor
2349 3122 2458 3167 vo-
2520 3165 2524 3170 .

326 3200 511 3267 cavit
534 3222 763 3266 nomen
797 3212 1013 3275 tuum,
1067 3196 1165 3282 [ed
1195 3202 1639 3292 Migrantem,
1689 3200 1844 3295 quia
1882 3196 2008 3265 haec
2033 3196 2189 3266 dicit
2235 3200 2461 3268 Domi·

323 3322 480 3369 nus.
581 3295 931 3369 Futurum
968 3294 1070 3368 est
1096 3349 1121 3389 ‚
1184 3311 1269 3369 ut
1301 3316 1437 3389 pro
1478 3308 1946 3393 peccatorum
1984 3294 2269 3370 suorum
2314 3320 2462 3373 me-

324 3398 488 3471 ritis
525 3395 601 3468 in
634 3394 1083 3488 Babylonem
1129 3395 1389 3493 migret
1434 3398 1555 3471 hic
1599 3395 1957 3488 Paschor,
2025 3415 2180 3468 non
2224 3395 2458 3492 solus,

322 3497 447 3573 sed
479 3516 640 3569 cum
665 3497 900 3568 amicis
932 3495 1104 3569 suis:
1156 3497 1463 3569 traditur
1494 3496 1682 3570 enim
1713 3493 2457 3592 Nabuchodonosori,

331 3598 504 3669 &in
546 3594 1037 3671 confusionem
1087 3597 1265 3670 abit.
1320 3592 1393 3670 dt
1427 3616 1564 3692 pro
1598 3598 1917 3694 peccatis
1959 3593 2098 3670 suis
2133 3600 2456 3692 punitur,

331 3697 499 3787 quia
537 3696 971 3790 Prophetam
1010 3694 1308 3768 detrusit
1338 3696 1415 3770 in
1453 3691 1893 3771 catarafiiam.
1999 3698 2308 3795 Quinam
2334 3700 2460 3795 igi·

330 3809 454 3867 tur
495 3794 656 3870 sunt
692 3798 893 3869 amici
930 3793 1300 3870 Paschoris
1331 3849 1357 3890 ‚
1410 3797 1531 3887 qui
1580 3797 1668 3868 ab
1725 3797 1873 3869 oris
1909 3796 2276 3891 nigredine
2322 3820 2462 3873 no·

334 3915 504 3972 men
535 3894 808 3982 traxit?
872 3891 1188 3988 Omnes,
1241 3898 1362 3989 qui
1408 3898 1598 3969 illius
1639 3892 1998 3970 sermones
2045 3898 2192 3969 oris
2229 3899 2464 3994 nigre·

337 3995 508 4069 dine
547 3995 738 4070 fimul
772 3994 1135 4092 nigrefaffti
1169 3997 1548 4089 amplexati
1583 3994 1790 4088 sunt,
1840 3994 1911 4068 ἂ
1943 3996 2245 4093 nigroris
2284 4000 2459 4095 dog·

334 4111 527 4173 mata
559 4110 1009 4190 receperunt.
1121 4098 1211 4168 Et
1255 4097 1480 4167 cadent
1513 4104 1586 4165 in
1620 4097 1831 4190 gladio
1883 4100 2280 4174 inimicorum
2312 4097 2461 4188 fico·

340 4223 507 4271 rum.
605 4197 749 4291 Qui
803 4198 1186 4271 tormentis
1236 4195 1626 4272 inferendis
1677 4195 2034 4292 praepofiti
2100 4195 2261 4270 sunt
2291 4251 2315 4291 ,
2384 4201 2462 4277 hi

339 4297 614 4394 gladios
683 4311 982 4392 gerunt,
1049 4293 1548 4392 efficiuntque,
1616 4309 1702 4369 ut
1758 4297 1861 4371 illi
1922 4314 2318 4389 corruant,
2372 4301 2466 4381 de

341 4398 602 4491 quibus
630 4394 996 4494 Propheta
1030 4396 1165 4471 aitz
1223 4397 1318 4474 Et
1342 4400 1503 4473 ocuti
1529 4402 1636 4471 m·
1664 4398 2009 4485 videbun&
2065 4398 2225 4472 haec
2260 4402 2479 4476 xx‘xm‘x-
2549 4431 2560 4438 ’

1523 4533 1539 4546 ·
2198 4515 2447 4581 xum,
