2734 4859
600 683 1910 824 '⁷-znoM1121A'xlx,
2304 735 2460 838 ⁶95

300 891 562 994 Atque
601 894 757 974 hee
800 897 895 974 de
931 917 1074 993 ee.
1126 920 1285 993 quae
1328 919 1369 974 a
1406 896 1580 973 Deo
1617 894 1704 972 fit
1735 895 1988 996 stende
2014 947 2042 992 ‚
2097 898 2443 992 quoniam

303 997 495 1074 dbdt
522 996 932 1093 Propheta:
994 1002 1302 1098 Decepe'sti
1330 1023 1428 1072 me
1474 1005 1749 1078 Douma
1776 1050 1802 1090 ‚
1855 1007 1936 1076 Ο·
1963 1001 2242 1094 deceptus
2271 1001 2436 1088 sunu.

298 1096 637 1173 Breviter
680 1097 1123 1192 dispiciamus
1165 1100 1538 1198 separatim
1579 1101 1794 1174 etiarn
1835 1096 2058 1174 istud:
2125 1105 2438 1198 occeptat

296 1201 463 1289 [am.
562 1196 712 1272 Cur
758 1219 914 1273 non
964 1199 1150 1274 dixit
1199 1215 1523 1276 tantum:
1599 1203 1912 1296 Decepiste·
1959 1223 2054 1270 me
2119 1200 2432 1289 Domm,

299 1298 425 1373 sed
453 1299 759 1374 addidit:
818 1303 1125 1400 Deceptus
1145 1296 1333 1391 fiam?
1383 1299 1752 1374 Interdum
1785 1299 1957 1373 licet
1983 1297 2222 1372 animo
2251 1319 2436 1376 con-

297 1400 548 1493 cipere
592 1400 1030 1492 quempiam,
1090 1400 1211 1494 qui
1246 1401 1584 1493 decipere
1614 1400 1994 1492 moliatur,
2046 1398 2257 1473 elium
2296 1422 2431 1477 ve·

291 1519 430 1590 ro,
482 1499 601 1590 qui
622 1497 747 1571 sibi
772 1519 811 1571 a
842 1499 1094 1574 fraude
1126 1517 1431 1592 caveat,
1485 1500 1554 1572 δι
1581 1519 1734 1574 non
1761 1500 2180 1592 decipiatur.
2234 1498 2424 1578 eum

289 1597 418 1671 ille
459 1597 781 1673 fraudem
820 1602 1185 1692 paraverit
1208 1653 1235 1695 ‚
1290 1603 1474 1676 alter
1509 1620 1699 1678 vero
1755 1599 1878 1675 fibi
1917 1620 2072 1674 non
2112 1604 2421 1685 caverit,

289 1691 417 1771 sed
464 1697 539 1770 in
589 1696 907 1772 fraudem
952 1700 1335 1794 inciderit,
1403 1713 1582 1774 tunc
1644 1699 1773 1774 iste
1840 1697 2080 1789 potest
2137 1698 2420 1775 diceret

294 1798 604 1896 Decepifli
630 1819 726 1869 ure
758 1803 1073 1894 Domine,
1124 1802 1203 1877 θ
1237 1802 1518 1896 deceptus
1545 1803 1712 1890 sum.
1810 1797 1974 1896 Ego
2013 1818 2199 1872 vero
2237 1820 2422 1893 quo·

288 1896 481 1972 niam
534 1896 728 1970 hunc
770 1899 1291 2001 locum-attigi,
1338 1900 1734 1976 istiusmodi
1769 1900 2085 1992 quaedam
2130 1899 2418 1978 dixero.

289 1995 831 2094 Quodcumque
859 2002 1027 2076 mihi
1058 2001 1321 2076 dixerit
1346 1999 1677 2094 serpens,
1731 1999 1851 2075 seu
1890 2018 2145 2072 verum
2184 1998 2407 2093 dicat,

282 2094 411 2170 seu
443 2097 776 2191 decipere
812 2121 927 2174 me
952 2103 1175 2194 velit,
1226 2102 1381 2195 ejus
1415 2103 1640 2174 verba
1669 2099 1839 2174 mibi
1869 2097 2178 2193 suspecta
2209 2097 2416 2193 sunt,

281 2198 705 2372 wem
732 2199 2418 2393 32:2²²s2r.512353;.253;

948 2352 974 2392 ‚
1543 2353 1563 2374 .

282 2396 511 2471 noxia
545 2393 689 2471 est:
755 2401 933 2474 nihil
971 2401 1169 2493 quod
1200 2400 1427 2496 profit
1463 2422 1502 2474 a
1533 2400 1864 2495 serpente
1901 2393 1988 2472 fit
2020 2421 2047 2488 ς
2115 2396 2408 2492 quando

285 2495 581 2590 quidem
602 2519 737 2569 non
760 2501 948 2598 petest
973 2502 1155 2575 arbor
1188 2495 1352 2574 mala
1368 2485 1634 2594 fufius
1665 2503 1848 2572 bonos
1868 2499 2077 2591 ferre.
2181 2499 2412 2597 Quic-

282 2595 456 2691 quid
492 2615 685 2669 vero
722 2600 893 2675 mihi
931 2600 1124 2675 dicat
1158 2597 1361 2676 Deus
1393 2653 1420 2694 ,
1469 2621 1634 2678 cum
1668 2599 1842 2676 mihi
1862 2597 2260 2693 persuasum
2301 2597 2410 2674 est

282 2696 525 2772 Deum
554 2693 695 2772 ess'e
742 2701 863 2794 qui
906 2700 1083 2774 dicit
1108 2751 1136 2797 ,
1184 2714 1473 2796 paratus
1508 2699 1656 2776 sum
1694 2697 1813 2778 m'e
1852 2697 2076 2793 ipsum
2116 2697 2412 2776 dedere.

282 2797 485 2870 Vera
516 2796 690 2871 dicit
718 2798 755 2874 ἓ
817 2797 1164 2895 Suscipio.
1264 2799 1626 2895 Decipere
1667 2821 1788 2876 me
1825 2795 2049 2872 vult?
2111 2797 2410 2873 Lubenz

281 2893 656 2990 decipior,
706 2898 1103 2975 dummodo
1133 2898 1324 2976 solus
1358 2898 1563 2974 Deus
1590 2921 1708 2974 me
1727 2899 2060 2991 decipiat.
2112 2893 2211 2971 Et
2241 2897 2409 2988 quia

281 3015 403 3071 me
452 2992 674 3090 ipsum
718 2997 978 3092 trado,
1032 3014 1273 3074 certus
1315 2997 1556 3073 Deum
1609 2995 1801 3090 effe,
1853 2997 1972 3089 qui
2023 2997 2406 3091 loquitur,

281 3095 457 3170 nihil
502 3115 680 3168 curo
714 3097 970 3193 decipi.
1071 3099 1283 3172 Volo
1318 3118 1479 3173 curn
1509 3097 1879 3192 decipior,
1933 3117 1973 3171 a
2000 3095 2205 3172 nullo
2232 3096 2406 3185 alio,

281 3194 403 3272 sed
429 3216 468 3269 a
501 3192 667 3269 Deo
703 3198 959 3292 decipi.
1058 3197 1346 3274 Idcirco
1388 3199 1556 3271 dico
1577 3250 1604 3291 ‚
1670 3212 1748 3273 te
1779 3217 1934 3272 non
1967 3193 2195 3271 solum
2228 3218 2407 3289 ope-

281 3310 516 3369 ratum
560 3293 701 3370 effe
736 3294 1051 3372 fraudem
1085 3352 1114 3393 ‚
1165 3297 1283 3373 sed
1316 3319 1468 3372 eam
1507 3318 1622 3372 me
1665 3318 1958 3391 quoque
2003 3317 2044 3370 a
2087 3311 2163 3372 te
2199 3299 2402 3372 ultro

281 3394 545 3492 pass'um
586 3392 781 3470 esse:
835 3397 901 3471 δι
928 3400 1075 3472 hoc
1110 3397 1309 3472 sensu
1352 3398 1562 3471 dico:
1617 3399 1926 3498 Decepaefli
1957 3419 2057 3468 me
2084 3400 2394 3487 Domine,

281 3499 357 3572 (5
394 3498 669 3594 deceptus
697 3496 861 3584 snm.
964 3498 1163 3592 Quid
1202 3517 1430 3593 porro
1489 3495 1801 3590 sequitur
1838 3519 1930 3572 ex
1980 3517 2076 3571 eo
2102 3549 2129 3590 ,
2193 3499 2397 3589 quod

281 3595 491 3669 Deus·
515 3596 824 3692 decipiat
848 3649 874 3689 ‚
927 3597 993 3670 δι
1027 3598 1252 3674 homo
1289 3597 1738 3692 decipiatur?
1792 3598 2142 3696 obtinuisti
2181 3598 2260 3673 (Ἰ
2289 3619 2398 3694 po·

281 3696 473 3791 ruisti.
574 3693 793 3771 Tunc
818 3718 934 3770 mc
964 3699 1291 3789 obtinet,
1342 3697 1631 3789 quando
1653 3720 1769 3773 me
1797 3700 1866 3771 in
1891 3698 2246 3796 principio
2277 3699 2396 3772 ad·

281 3796 421 3869 buc
448 3795 793 3871 infantem
817 3799 891 3870 in
917 3795 1200 3872 Christo
1236 3798 1644 3890 deceperit,
1695 3800 1761 3872 δι
1793 3797 2198 3870 obtinendo
2227 3815 2393 3890 pot·

281 3893 411 3969 est.
502 3891 577 3967 Si
608 3911 849 3972 autem
882 3917 1031 3970 non
1083 3895 1533 3990 obtinueris,
1587 3914 1765 3973 tunc
1805 3899 2174 3974 laboribus
2214 3898 2388 3974 mihi

281 4013 465 4088 opus
494 3993 616 4071 est.
728 3996 1072 4092 Obtinuifln·
1110 3999 1186 4075 σ
1222 3997 1504 4095 potuisti.

286 4133 295 4140 ·
431 4116 499 4184 ς.
545 4093 717 4169 Post
763 4099 914 4172 haec
952 4097 1107 4169 ait:
1180 4095 1414 4170 Fufius
1447 4099 1594 4185 sum
1641 4101 1718 4169 r'n
1763 4099 2066 4188 derisum,
2119 4114 2253 4169 tota
2285 4102 2388 4171 die

281 4199 669 4295 perseveravi
695 4198 1149 4286 subsannatus.
1248 4197 1334 4274 In
1381 4197 1578 4272 hunc
1611 4217 1903 4292 quoque
1941 4202 2184 4272 iocum
2236 4200 2390 4274 haec

281 4295 515 4369 audivi
548 4345 577 4389 ‚
640 4296 1014 4390 jeremiam
1063 4297 1265 4374 fuisse
1310 4298 1758 4388 temporibus
1811 4298 2389 4389 iniquissimorum

281 4397 687 4473 hominum:
748 4397 871 4473 sub
904 4395 1059 4492 ipso
1097 4399 1315 4499 igitur
1348 4399 1730 4491 captivitas
1773 4400 2093 4496 contigit
2123 4451 2156 4484 ,
2196 4401 2404 4470 &m

1256 4496 1324 4573 X
1348 4519 1401 4572 x
1455 4521 1510 4594 4
2071 4495 2361 4583 ‘xxiquix-
