2734 4859
586 673 1566 776 ‘··“‘fl'o⁵-·M''1L1A
1665 691 1880 776 xlx,
2131 707 2150 716 ”
2269 697 2418 796 689
2555 689 2569 702 ’

282 841 849 954 quidemsuavia
878 861 1037 935 sunt
1070 857 1365 950 abdita,
1435 857 1752 950 quaedam
1785 859 1962 933 item
1999 867 2234 930 amara
2261 855 2424 931 sunt

285 957 731 1036 abscondita.
776 973 785 982 '
836 959 1019 1035 Cum
1060 961 1329 1035 videris
1373 955 1524 1032 filio
1557 971 1830 1054 patrem
1862 963 1890 1047 ‚'
1939 957 2232 1050 perinde
2263 958 2421 1032 acii

284 1055 547 1135 odiss‘et
580 1110 605 1153 ‚
640 1061 1107 1154 ‘min-antem,
1178 1059 1246 1133 δι
1290 1059 1728 1132 terribilibus
1777 1057 2020 1130 verbis
2077 1079 2236 1130 eum
2284 1060 2420 1129 ob-

282 1162 688 1256 jurgantem
712 1211 735 1251 ,
786 1179 925 1233 nec
950 1160 1163 1232 ullam
1199 1159 1271 1234 in
1306 1175 1468 1230 eum
1499 1162 1867 1232 caritatem
1907 1179 2049 1250 prae
2087 1156 2154 1228 se
2184 1155 2419 1230 feren-

286 1275 477 1352 tem,
543 1255 659 1333 sed
693 1259 1162 1354 obtegentem
1192 1275 1566 1352 paternum
1615 1277 1929 1331 amorem
1959 1311 1982 1344 ,
2038 1256 2418 1352 perspicies

284 1357 509 1450 ipsum
536 1359 739 1431 velle·
764 1355 985 1432 fliium
1032 1359 1391 1452 decipere.
1489 1357 1674 1431 Non·
1707 1358 1894 1430 enim
1933 1357 2222 1448 expedit
2263 1353 2414 1430 filio

282 1474 370 1528 ut
394 1473 764 1550 paternum
796 1455 1095 1538 noverit
1116 1475 1435 1532 amorem
1469 1457 2010 1548 voluntatisque
2041 1454 2412 1544 affeetum3

283 1558 607 1647 alioquin
640 1554 1113 1650 diffolvetur‚
1166 1577 1319 1632 non
1349 1558 1867 1634 emendabitur.
1971 1555 2258 1628 Idcirco
2297 1577 2416 1648 pa-

284 1658 475 1730 terni
508 1658 771 1736 amoris
806 1659 1253 1733 dulcedinem
1290 1659 1616 1730 occultat
1643 1711 1669 1748 ‚
1737 1657 1804 1727 δι
1845 1657 2192 1730 minarum
2235 1677 2418 1728 ama·

282 1755 673 1829 titudinem
727 1755 1059 1832 ostendit.
1176 1757 1369 1830 Idem
1419 1757 1905 1852 proportione
1947 1754 2222 1828 servata
2252 1803 2276 1834 ,
2328 1777 2414 1826 ac

281 1869 492 1950 pater
530 1853 599 1928 δι
634 1855 995 1948 medicus,
1048 1855 1222 1929 facit
1258 1857 1482 1931 Deus.
1587 1855 1768 1930 Sunt
1802 1873 2033 1936 amara
2065 1855 2410 1946 quaedam,

281 1975 441 2045 quae
463 1956 677 2029 etiam
694 1955 1124 2048 justiffimum
1154 1977 1239 2027 ac
1266 1954 1826 2048 sapientiffimum
1847 1953 2110 2030 sanant.
2156 1953 2416 2027 Omnis

286 2055 508 2146 enim5
532 2057 650 2148 qui
678 2057 1128 2150 peccaverit,
1157 2075 1295 2150 pro
1329 2060 1642 2148 peccatis
1665 2056 2063 2150 puniendus
2095 2051 2215 2128 est.
2277 2059 2414 2124 No-

282 2157 401 2226 lm
426 2177 665 2242 errare,
707 2157 885 2226 Deus
912 2180 1048 2226 non
1074 2154 1406 2227 irridetur.
1463 2159 1624 2227 Sive
1640 2155 2046 2248 fornicator,
2069 2156 2210 2250 five
2234 2159 2413 2223 adul-

281 2269 427 2349 ter,
471 2253 608 2350 five
658 2257 902 2344 mauis,
948 2256 1091 2352 five
1151 2255 1558 2342 masculorum
1623 2258 2016 2338 concubitor,
2065 2257 2209 2350 five
2245 2255 2410 2348 fur,

281 2357 411 2450 five
463 2356 629 2425 ebrio
655 2377 771 2448 us,
830 2355 969 2450 five
1022 2357 1358 2428 maledicus
1380 2409 1400 2440 ,
1461 2355 1594 2452 five
1639 2373 1858 2451 raptor
1886 2408 1903 2438 ‚
1977 2379 2228 2446 regnum
2289 2362 2414 2424 1.)εὲ

281 2477 416 2525 non
472 2475 547 2550 po
598 2453 879 2530 aiebant.
994 2451 1167 2528 Hoc
1230 2455 1279 2528 ss
1332 2455 1770 2530 intellectum
1806 2509 1828 2546 ‚
1883 2455 2410 2549 diligenterque

281 2553 802 2629 consideratum
862 2553 1085 2627 fuerit
1132 2556 1221 2628 ab
1274 2555 1426 2646 bis,
1491 2558 1608 2646 qui
1664 2555 1920 2628 medici
1967 2553 2229 2626 ferrum
2287 2553 2412 2626 sub

281 2654 578 2750 spongia
604 2655 971 2726 conditum
1006 2652 1423 2748 conspicere
1455 2671 1576 2726 aut
1611 2675 1918 2728 amarum
1953 2655 2408 2747 pharmacum

281 2755 409 2828 sub
438 2753 664 2827 -melle
710 2756 935 2826 latens
980 2755 1231 2827 bibere
1274 2771 1690 2846 nequeunt,
1743 2758 1878 2828 erit
1929 2755 2175 2844 aliquis
2212 2809 2234 2843 ‚
2291 2755 2408 2844 qui

281 2853 525 2926 animo
547 2853 909 2927 concidat.
1014 2855 1197 2953 Quis
1220 2855 1404 2926 enim
1443 2853 1762 2925 nostrum
1791 2855 1914 2927 sibi
1935 2873 2082 2924 non
2107 2852 2206 2923 est
2237 2875 2410 2924 con-

281 2953 465 3027 scius
510 2951 931 3025 inconsultae
980 2953 1380 3047 potationis
1441 2954 1508 3024 ὅ(
1561 2951 1986 3025 ebrietatis?
2053 2954 2236 3046 Quis
2281 2974 2408 3022 no-

281 3052 501 3128 strum
534 3071 751 3142 purus
793 3050 895 3124 est
930 3073 969 3125 a
990 3051 1234 3143 furto,
1288 3067 1412 3123 aut
1448 3049 1827 3125 necess'aria
1861 3051 1982 3124 sibi
2006 3051 2188 3141 iuste
2215 3073 2410 3122 com-

281 3150 570 3250 paravit
596 3148 633 3222 ἓ
688 3149 826 3222 Sed
864 3151 1077 3242 vide,
1132 3151 1301 3242 quid
1346 3151 1536 3222 dicat
1573 3152 1833 3224 sermo:
1894 3155 2112 3222 Nolite
2155 3177 2408 3236 errare,

281 3257 360 3324 hi
398 3273 653 3344 regnum
706 3255 831 3322 Dee·
860 3275 991 3320 non
1023 3247 1432 3346 possidebunt.
1540 3249 1768 3342 Hujus
1815 3251 1959 3322 loci
1995 3247 2408 3342 mysterium

281 3349 861 3425 abscondendum
909 3349 1009 3422 est
1040 3405 1068 3442 ,
1132 3371 1232 3428 ne
1270 3354 1525 3446 vulgus
1575 3352 1880 3424 animum
1931 3347 2410 3442 despondeat,

281 3473 375 3529 ne
406 3453 695 3547 cognita
726 3471 807 3522 re
835 3463 1144 3525 mortem
1174 3447 1536 3544 exspectet
1559 3471 1710 3523 non
1749 3451 1852 3522 uti
1892 3451 2257 3544 requiem,
2289 3443 2410 3524 sed

281 3566 365 3626 ut
394 3569 695 3643 poenam.
800 3548 955 3620 Aut
983 3551 1140 3641 quis
1174 3551 1353 3622 aiter
1389 3549 1643 3622 Paulus
1681 3551 1859 3644 erit,
1911 3551 2029 3640 qui
2067 3547 2276 3642 possit
2309 3551 2412 3622 di-

281 3671 483 3724 ceret
538 3649 787 3722 Melius
814 3641 1097 3740 dissolvi,
1148 3649 1226 3726 Θ·
1250 3647 1357 3740 effi
1382 3674 1520 3720 cnm
1559 3650 1854 3746 σὴρ-φοι·
1927 3648 2090 3745 Ego
2127 3649 2414 3739 quidem

281 3754 352 3824 id
392 3750 633 3822 dicere
678 3769 991 3841 nequeo.
1097 3746 1265 3822 Scio
1312 3750 1497 3822 enim
1537 3747 1700 3822 fore
1739 3766 1822 3821 ut
1847 3801 1872 3840 ‚
1921 3749 2042 3820 ubi
2084 3749 2252 3820 hinc
2285 3743 2412 3824 cffi-

281 3869 635 3946 gravero‚
686 3869 842 3921 mea
876 3850 1067 3945 ligna
1108 3849 1647 3924 comburantur.
1679 3925 1686 3934 ,
1719 3847 1974 3944 Ligna
2015 3867 2242 3940 porro
2287 3849 2409 3923 ha-

281 3951 451 4023 beo·
492 3947 1103 4036 obtrectationem
1166 3949 1353 4045 ligna
1417 3948 1660 4022 habeot
1724 3950 2148 4035 ebrietates;
2195 3947 2408 4044 =ligna

281 4049 526 4138 furta,
574 4043 1054 4141 sexcentaque
1104 4049 1236 4121 alia
1273 4052 1461 4144 ligna
1508 4048 1710 4142 super
1751 4045 2123 4120 aedificium
2167 4067 2406 4123 meum

281 4145 677 4224 construxi.
797 4147 1023 4220 Vides
1064 4148 1216 4220 haec
1254 4150 1498 4221 omnia
1537 4150 1884 4240 piurimos
1943 4143 2190 4220 fideles
2231 4148 2409 4220 late-

280 4270 365 4321 re
395 4244 432 4317 ἓ
484 4244 553 4317 dt
589 4246 777 4318 bene
806 4247 1087 4322 latent:
1155 4247 1223 4320 δι
1266 4249 1756 4339 unusquisque
1801 4243 2169 4337 nostrum,
2239 4245 2406 4336 quia

281 4347 481 4432 idola
528 4363 681 4417 non
714 4347 943 4418 coluit
974 4400 999 4438 ,
1055 4347 1218 4437 quia
1246 4367 1397 4422 non
1439 4345 1540 4420 est
1565 4345 1970 4422 fornicatus
1995 4397 2024 4442 ,
2073 4342 2408 4440 (utinam

359 4450 683 4541 ssorigmit
741 4435 916 4520 nm.
974 4447 1113 4524 IX.
1499 4443 1574 4520 X
1597 4467 1650 4521 x
