2734 4859
889 515 895 532 ἱ

365 599 839 696 uuotoous
1098 636 1146 710 ῃ

142 783 174 840 ιο
209 761 310 840 scire
335 787 411 842 nos
445 781 625 862 oportet,
658 767 853 860 quoniam,
881 765 970 844 licut
993 776 1141 865 puerilis

151 885 236 939 non
251 881 439 940 movetur
462 868 505 940 ad
523 889 680 943 amorem
697 868 911 962 pailibilem,
936 870 986 944 ita
1003 894 1071 947 nce
1093 877 1144 951 ad-

142 966 234 1039 enda
260 967 415 1058 quidem
440 969 554 1042 verba
578 969 679 1058 haec,
716 968 931 1061 parvula-dr
963 971 1137 1050 infantilis

142 1069 244 1139 ioris
265 1068 430 1142 hominis
452 1082 537 1140 retas
557 1068 784 1149 admittitur,
809 1069 952 1143 illorum
974 1067 1134 1166 scilicet,

142 1165 229 1240 aste
259 1169 302 1241 in
322 1165 467 1241 Christo
486 1169 649 1260 aluntur,
675 1190 752 1242 non
780 1168 863 1240 cibo
884 1166 991 1260 forti,
1017 1171 1049 1243 dr
1073 1176 1134 1264 qui
1211 1221 1218 1243 r

142 1268 335 1360 :primum
357 1267 625 1340 rationabile&
654 1267 726 1340 sme
752 1268 839 1339 dolo
865 1268 919 1339 lac
943 1271 1132 1364 concupis-

142 1421 151 1438 .
205 1366 255 1439 ln
276 1369 401 1441 verbis
422 1370 517 1440 enim
535 1365 673 1440 Cantici
691 1366 924 1440 Canticorum
949 1369 1010 1442 ille
1028 1372 1130 1444 cibus

170 1465 223 1538 de
248 1488 329 1558 quo
350 1467 439 1540 dicit
463 1465 686 1561 Apostolust
728 1465 940 1559 Perfetiornnr
966 1471 1130 1568 aaronefl

142 1592 170 1634 rs
189 1567 313 1636 eiius:
341 1566 376 1640 dt
398 1567 488 1640 tales
507 1569 656 1659 requirit
677 1568 883 1657 auditores,
908 1572 965 1663 qui
988 1587 1046 1663 pu
1059 1571 1129 1665 pos·

141 1683 206 1738 rm
215 1668 372 1755 firmordi
385 1680 570 1738 exercitatas
588 1668 728 1737 babeant
739 1667 850 1756 sensus
862 1669 903 1736 od
915 1667 1129 1748 discretionem

144 1763 187 1844 θ
212 1767 308 1838 mli.
358 1763 410 1840 Et
422 1767 564 1854 quidem
584 1767 746 1861 parvuli,
774 1787 865 1858 quos
890 1766 1067 1858 diximus,
1102 1769 1128 1843 st

141 1879 209 1938 ant
227 1865 275 1939 ad
292 1867 369 1942 hec
384 1867 488 1960 loca,
515 1866 635 1960 potest
648 1864 747 1958 fieri,
774 1881 815 1938 ut
830 1865 917 1938 nibil
928 1866 1068 1954 quidem
1081 1889 1127 1941 ex

141 1964 321 2060 scriptura
337 1963 550 2060 proficiant,
576 1987 644 2048 nec
662 1983 782 2040 tamen
806 1964 914 2038 valde
927 1964 1124 2058 laedantur,

143 2063 228 2158 psa,
254 2087 334 2158 quae
348 2065 478 2161 scripta
491 2065 590 2158 sunt,
616 2068 799 2163 legentes,
826 2064 888 2138 vel
906 2075 983 2154 quae
1001 2063 1045 2137 ad
1065 2087 1126 2138 ex-

141 2166 309 2240 ationem
332 2186 459 2240 eorum
489 2168 639 2240 dicenda
662 2168 770 2258 sunt,
798 2162 1037 2238 recensentes.
1087 2163 1126 2237 Si

141 2301 144 2324 ·
162 2266 298 2358 aliquis
314 2263 515 2358 accellcrit,
538 2268 596 2358 qui
611 2265 802 2339 secundum
812 2284 954 2337 carnem
967 2275 1122 2337 tantum-

141 2386 166 2438 ο
190 2368 253 2437 vir
272 2364 353 2457 est,
379 2365 463 2439 huic
481 2365 541 2438 tali
565 2388 640 2438 non
655 2386 779 2457 parum
798 2386 843 2438 ex
866 2364 933 2435 hac
949 2347 1122 2456 sc'riptura

141 2464 272 2538 iminis
295 2465 515 2559 periculique
534 2463 709 2540 nascetur.
758 2463 897 2535 Audire
921 2462 1014 2535 enim
1032 2483 1122 2555 pure

142 2563 208 2637 stis
221 2566 365 2638 auribus
379 2568 508 2638 amoris
526 2567 672 2638 nomina
684 2561 866 2652 nesciens,
894 2563 937 2634 ab
955 2562 1120 2635 interiori

141 2666 203 2737 ine
220 2665 266 2737 ad
286 2666 502 2738 exteriorem
524 2664 749 2738 &carnalem
763 2663 881 2735 virum
897 2683 1041 2735 omnem
1061 2663 1121 2735 de·

140 2780 173 2837 et
194 2764 379 2856 auditum,
405 2765 439 2837 dt
460 2786 478 2836 a
499 2763 622 2857 spiritu
638 2775 878 2836 convertetur
894 2760 937 2834 ad
956 2782 1119 2854 carnem,

141 2867 267 2956 ietque
285 2865 324 2937 in
341 2863 526 2957 semetipso
542 2862 851 2956 concupiscentias
875 2862 1059 2952 carnales,
1086 2862 1121 2933 δι

141 2965 248 3038 lione
266 2964 397 3038 divinat
411 2961 591 3058 scripturae
611 2963 839 3036 commoveri
856 2959 1045 3031 &incitari
1067 2961 1120 3031 vis

140 3083 199 3137 mr
222 3064 269 3136 ad
292 3065 472 3137 libidinem
493 3063 621 3138 carnis.
673 3060 734 3135 Ob
753 3062 826 3133 hoc
853 3080 940 3155 ergo
961 3080 1119 3152 moneo,

140 3164 296 3237 ›nsrliuru
316 3164 360 3236 de
385 3166 505 3255 omni,
532 3163 591 3254 qui
610 3162 773 3235 nondum
797 3160 910 3231 carnis
934 3157 1119 3254 &sangui-

140 3262 297 3336 rolestiis
311 3280 430 3354 caret,
455 3284 573 3352 neque
592 3263 635 3334 ab
654 3259 784 3332 affectu
802 3273 936 3333 naturae
956 3259 1119 3330 materia·

140 3362 304 3452 bscedit,
338 3379 378 3433 ut
403 3385 422 3434 a
445 3361 602 3435 lectione
625 3361 735 3433 libelli
762 3360 866 3450 hujus
890 3378 1115 3448 eorumque,

140 3469 177 3536 in
199 3485 247 3534 eo
262 3462 445 3552 dicentur,
471 3464 612 3554 penitus
628 3473 817 3550 temperet.
869 3456 985 3529 Aiunt
1004 3459 1114 3547 enim,

140 3565 236 3633 rvari
266 3563 371 3633 etiam
395 3564 489 3653 apud
511 3562 712 3651 Hebraeos,
738 3558 862 3648 quod,
889 3556 951 3628 nis1
972 3557 1049 3646 quis
1072 3555 1115 3627 ad

140 3684 193 3736 ern
215 3660 407 3755 perfeilam
432 3676 676 3750 maturamque
700 3656 929 3750 pervenerit,
956 3656 1115 3726 libellum

140 3783 211 3834 :ne
236 3759 379 3851 quidem
400 3759 436 3832 in
454 3760 615 3833 manibus
633 3774 758 3829 tenere
782 3757 1018 3851 permittatur.
1045 3752 1115 3826 Sed

140 3862 190 3935 ud
217 3861 339 3934 abeis
363 3862 566 3954 accepimus
593 3856 790 3945 custodiri,
825 3853 1115 3944 quandoquidem

140 3986 156 4037 t
173 3961 229 4038 est
245 3960 341 4055 apud
358 3980 444 4051 eos,
470 3980 596 4031 omnes
615 3958 803 4047 scripturas
818 3977 837 4025 a
852 3953 1060 4024 doiioribus
1081 3950 1115 4021 dt

144 4062 305 4135 ientibus
328 4059 420 4132 tradi
442 4061 586 4150 puetis,
613 4057 711 4129 limul
733 4055 766 4126 dt
786 4076 864 4133 eas,
892 4073 976 4143 quas
1003 4039 1116 4126 deure-

139 4192 164 4248 ις
179 4163 387 4259 appellant,
415 4159 460 4230 ad
478 4160 640 4230 ultimum
658 4169 813 4248 quatuor
828 4150 889 4223 ista
909 4148 1115 4240 observari,

139 4271 171 4360 t,
204 4262 427 4360 principium
453 4257 625 4349 Genesis,
650 4258 785 4347 inquo
810 4252 930 4330 mundi
954 4262 1119 4326 creaturt

534 4353 572 4424 E
591 4378 616 4445 4
946 4349 1078 4435 deicti-
