2734 4859
415 595 791 682 moutarn
836 596 952 682 mr·
1043 629 1048 642 ·
1132 625 1205 704 ,μ

141 765 239 844 illius
259 776 423 844 naturam
435 763 614 860 refertur,
639 767 700 860 qui
718 767 755 842 in
768 763 1016 862 promptuaria
1029 762 1090 843 sua
1102 764 1205 862 iube·

143 886 204 943 tur
220 870 375 952 intrare,
396 864 456 941 sed
467 867 566 959 ejus,
592 871 652 958 qui
663 866 788 959 jubet,
814 867 871 940 cui
887 863 1046 961 prifillum
1061 867 1113 943 est
1129 870 1205 944 hoc

144 991 277 1059 omne,
303 967 402 1060 quod
410 968 546 1063 grande
560 964 631 1042 est..
669 965 830 1058 sienim,
852 965 1205 1060 donecpertransert

141 1069 198 1142 ira
220 1068 321 1159 Dei,
345 1080 497 1160 oportet
514 1066 689 1155 quosdam
708 1071 841 1141 intrare
857 1069 1100 1160 promptuaria
1122 1067 1201 1158 sua;

142 1165 225 1240 sunt
240 1182 357 1242 autem
373 1167 451 1258 alii,
477 1166 605 1257 quibus
624 1185 703 1242 non
720 1163 799 1240 sunt
813 1165 1023 1240 dimittenda
1038 1169 1208 1265 peccati,

141 1288 221 1341 non
247 1265 360 1340 solum
378 1269 415 1339 in
437 1265 598 1361 presenti
620 1265 770 1358 seculo,
801 1263 860 1340 sed
880 1265 987 1341 etiarn
1002 1267 1040 1339 in
1056 1267 1204 1350 futuro,

141 1364 365 1440 manifestum
378 1364 459 1459 est,
483 1363 645 1459 pufillum
660 1366 705 1440 ad
725 1363 1029 1460 eareserendum,
1054 1385 1133 1460 quae
1151 1367 1203 1441 di·

142 1485 273 1540 ximus.
1062 1537 1064 1542 .

224 1585 280 1639 11.
307 1567 396 1636 Dare
413 1568 521 1662 itaque
544 1569 681 1637 Domim
704 1565 777 1645 Der¹
791 1561 1048 1660 ufirogserim.
1098 1563 1204 1661 Quo·

141 1664 257 1742 modo
283 1663 405 1738 damus
439 1663 603 1750 Domino
628 1661 715 1738 Deo
742 1663 870 1738 nostro
895 1659 1078 1760 gloriam?
1110 1663 1203 1742 Non

141 1765 266 1838 verbis
283 1764 317 1836 δι
334 1765 491 1838 vocibus
509 1782 649 1838 tantum
665 1759 919 1860 glorificandus
935 1763 993 1837 est·
1004 1763 1202 1841 Dominus:

141 1859 305 1960 glorifica
320 1885 402 1938 eum
413 1863 452 1948 ip
469 1862 650 1947 castitate,
675 1861 870 1955 &justitia‚
896 1860 1201 1939 &beneficentiae

141 1959 307 2060 glorifica
323 1984 405 2036 eum
418 1965 456 2036 in
470 1962 706 2055 fortitudine,
733 1961 938 2057 patientia,
972 1965 1126 2058 pietate,
1152 1961 1202 2038 sa·

141 2063 302 2156 pientia,
323 2065 532 2155 ceterisque
552 2062 759 2135 virtutibus.
810 2059 869 2136 Sic
885 2073 1004 2136 autem
1023 2061 1075 2137 est
1092 2065 1203 2158 glori·

141 2160 305 2235 licandus
326 2159 439 2237 Deus.
490 2163 527 2236 Si
546 2159 728 2236 contraria
743 2159 931 2252 intulero,
962 2163 1054 2236 nolo
1074 2183 1134 2237 me
1149 2181 1203 2236 rr·

141 2258 325 2334 bitremini
343 2259 593 2354 blasphemare.
646 2260 813 2336 Exhibeo
835 2261 968 2353 quippe
992 2258 1202 2356 scripturam

141 2356 260 2435 sensus
277 2362 346 2433 mei
364 2361 508 2453 testem,
536 2362 723 2452 quomodo
738 2358 852 2434 callrts
873 2356 1073 2456 glorificet,
1097 2364 1202 2436 luxu·

141 2456 256 2533 riosus
277 2459 629 2538 inhonoret-Deum.
677 2457 871 2555 Tenrplum
895 2459 991 2534 enirn
1011 2460 1088 2554 eius
1106 2461 1203 2560 quasi

141 2558 489 2635 Nabuchodonosor
502 2558 650 2634 destruit
661 2574 769 2652 atque
785 2560 1005 2654 corrumpit,
1030 2556 1203 2634 &secun-

141 2659 227 2732 dum
257 2655 473 2752 Apostolum
490 2663 770 2754 prevaricator,
797 2660 832 2732 ἀ
849 2657 967 2732 Deum
991 2658 1205 2736 inhonorat·
1273 2707 1281 2718 --

141 2758 257 2854 Igitur
282 2756 461 2853 glorificat
487 2760 604 2840 Deum
634 2756 1032 2853 jrrstus,·contumeliis
1065 2755 1200 2853 afficit,

143 2860 359 2949 quicumque
375 2874 547 2953 peccator
565 2855 635 2948 est;
658 2879 740 2934 narn
761 2855 919 2950 &illud‚
945 2856 1202 2949 quodquidam

142 2958 339 3040 dubitant,
371 2980 417 3032 an
432 2957 474 3034 st
489 2957 720 3050 providentia
740 2956 842 3051 Dei,
876 2957 1008 3030 nullam
1025 2958 1126 3032 aliam
1148 2960 1201 3032 ob

141 3055 282 3129 causam
307 3057 368 3130 nilr
395 3060 445 3131 ob
461 3058 550 3132 vitia
570 3055 737 3134 nascitur.
788 3052 905 3129 Auser
923 3076 994 3151 ea,
1032 3053 1201 3130 abstulisti

141 3159 330 3251 pariter&
356 3155 474 3230 causas
496 3158 735 3252 providentie
754 3154 974 3230 destruenda
997 3153 1127 3230 sursum
1150 3170 1203 3230 at-

142 3275 214 3347 que
227 3255 401 3333 deorsum.
439 3259 513 3358 Qui
528 3254 713 3332 adversum
728 3256 992 3351 providentiam
1005 3254 1199 3348 disputant,

142 3358 221 3431 lraec
233 3355 381 3431 dicunt:
408 3360 532 3456 Quare
549 3358 639 3432 tanti
660 3354 846 3430 adulterii
873 3373 982 3446 quare
1002 3355 1092 3428 tanti
1109 3356 1201 3430 mol·

141 3456 222 3531 les?
249 3476 358 3548 quare
372 3460 460 3531 tanti
472 3454 654 3554 sacrilegis
671 3475 780 3549 quare
794 3454 884 3528 tanti
900 3453 1082 3550 irreligiosi
1093 3450 1199 3528 sunt?

141 3554 269 3646 Atque
289 3558 340 3630 ita
358 3557 593 3631 contumelias
613 3556 650 3630 in
670 3553 959 3649 providentiam,
991 3551 1199 3629 &offensas

141 3657 181 3729 in
204 3655 349 3741 Deum,
375 3655 692 3731 &criminationes
711 3656 747 3729 in
769 3667 970 3729 creatorem
987 3670 1201 3749 peccatores

142 3773 324 3849 generant.
374 3752 432 3829 Ex
464 3757 591 3847 quibus
625 3755 763 3856 liquido
795 3768 966 3849 apparet,
998 3753 1088 3827 alios
1115 3753 1201 3829 dare

142 3852 230 3926 Deo
249 3857 422 3950 gloriam,
449 3856 538 3928 alios
552 3856 754 3931 convitium
771 3852 915 3947 secere,
941 3852 1023 3928 durn
1040 3853 1199 3948 pallioni·

142 3954 212 4026 bus
233 3953 268 4025 &
283 3955 381 4028 viriis
403 3953 573 4030 serviunt

221 4071 279 4129 ra.
305 4057 396 4128 Dare
412 4057 545 4149 gloriam
567 4055 706 4127 Domine
728 4054 797 4126 Der
811 4051 937 4150 vallio.
966 4067 1134 4149 certeqrram
1154 4064 1201 4121 rs·

141 4153 321 4250 crebresce,
346 4153 386 4230 U
400 4172 569 4253 antequam
583 4152 746 4246 offendant
757 4155 843 4251 pedes
857 4151 955 4249 vestri
970 4157 1007 4223 in
1024 4165 1143 4223 nemer
1156 4165 1202 4224 te·

141 4252 295 4352 mesor.
346 4253 442 4333 Sunt
462 4255 521 4333 alii
539 4268 686 4431 morlrtria
707 4251 912 4348 tenebrofi,
946 4251 1201 4428 aliiqlucentes.

183 4397 187 4404 ·
692 4373 714 4430 a
1045 4367 1167 4425 emro-
