2734 4859
364 681 377 726 -.
492 603 845 736 ernnust
1089 623 1198 717 4⁶³

136 777 612 862 eminentiorintercaeteras
621 780 724 854 verbi
732 775 1200 880 gratiadostrinismegligas
1267 867 1269 872 ,

135 875 380 973 temetipsam,
413 875 448 950 n
466 877 502 953 in
520 880 723 976 ignorantia
741 882 793 953 tui
809 902 975 973 maneas,
1010 881 1201 971 quomodo

135 993 315 1076 poterunt
332 977 456 1071 veihi,
482 979 541 1071 qui
556 977 722 1064 edificari
736 979 949 1064 desiderant,
972 980 1110 1074 instrui,
1136 983 1201 1057 vel

137 1077 314 1154 convinci
335 1077 371 1151 δι
389 1080 489 1178 argui
504 1079 839 1166 ‚contradicentem
869 1082 988 1179 Digne
1011 1101 1099 1177 ergo
1115 1101 1201 1157 cum

137 1179 424 1256 comminatione
441 1178 590 1272 quadam
610 1182 652 1254 acl
674 1202 751 1253 earn
770 1181 917 1254 dicitur:
943 1178 1013 1253 Exi
1035 1198 1071 1251 ru
1086 1186 1124 1252 in
1144 1206 1202 1253 ve·

134 1281 233 1378 liigr't'c
251 1302 401 1374 gregum,
431 1276 471 1356 (5
494 1281 577 1375 pasce
600 1282 700 1351 hedos
722 1298 793 1350 tuos
816 1286 851 1349 r'n
875 1281 1085 1351 tabernaculis
1103 1279 1203 1379 pasto·

135 1403 216 1455 rm.
268 1375 395 1452 Potest
414 1377 547 1453 adhoc
564 1380 657 1454 trahi
679 1380 785 1453 etiam
801 1380 908 1475 illud,
936 1381 1033 1473 quod
1049 1379 1201 1472 Moyses
1282 1429 1284 1434 ,

86 1531 90 1536 -
134 1477 275 1554 scribit:
303 1477 416 1577 Quod
436 1476 461 1552 fi
486 1499 553 1571 qua
569 1476 760 1553 lsraelitica
776 1482 902 1576 mulier
922 1481 1203 1563 adulteraverit,

133 1579 327 1673 lapidetur.
378 1577 415 1651 Si
433 1597 525 1651 vero
540 1576 612 1651 filia
629 1577 839 1671 sacerdotis,
865 1580 1004 1676 ignibus
1018 1593 1201 1655 exuratur.
1249 1609 1251 1614 ·

134 1677 189 1754 Sic
206 1697 303 1776 ergo
314 1674 407 1771 justa
424 1678 608 1752 videbitur
624 1677 693 1751 else
710 1681 945 1753 comminatio
964 1680 1000 1751 in
1019 1699 1105 1772 eos,
1140 1680 1203 1771 qui

134 1798 289 1874 capaces
310 1775 382 1850 esse
401 1775 547 1876 possunt
560 1779 602 1852 ad
617 1777 889 1874 agnitionem&
911 1777 1114 1869 scientiam,
1140 1776 1201 1852 sed

132 1899 196 1974 per
217 1875 388 1962 desidiam
409 1880 611 1974 negligunt:
643 1880 680 1952 in
702 1900 793 1972 quos
806 1877 982 1971 justissima
999 1877 1201 1972 indignatio

132 1977 254 2074 sponsi¹
272 1975 350 2071 est,
386 1976 469 2070 quia
495 1977 560 2051 scit
584 1979 687 2052 unius
718 1980 972 2076 negligentiam
1004 1977 1133 2050 cedere
1156 1971 1203 2050 ad

133 2079 487 2166 damnemultorum.
535 2076 665 2153 Similis
687 2079 782 2152 enim
800 2077 982 2151 videbitur
993 2075 1202 2169 hujusmodi

134 2181 272 2272 anima,
302 2178 363 2251 vel
385 2176 456 2269 illi,
480 2177 540 2269 qui
560 2192 748 2271 acceptum
765 2178 947 2252 denarium
963 2174 1203 2251 absconditio

133 2291 289 2373 mam,
315 2297 363 2351 ne
377 2275 466 2350 lucri
482 2277 613 2370 aliquid
631 2299 676 2352 ex
702 2298 749 2351 eo
768 2278 928 2370 pecnniae
952 2276 1118 2350 dominus
1142 2295 1203 2349 ac-

130 2378 313 2472 quireret:
349 2377 410 2449 vel
426 2377 501 2467 illi,
533 2397 637 2469 quern
654 2376 825 2450 occidisse
841 2377 971 2451 dicitur
985 2376 1110 2470 Dent,
1138 2373 1201 2466 qui

127 2481 305 2576 malignus
325 2490 424 2568 erat,
455 2474 579 2550 'Onam
606 2478 667 2551 vel
689 2477 766 2550 Her
782 2475 938 2569 scilicet,
971 2478 1029 2567 qni
1050 2487 1201 2569 accepta

129 2575 258 2653 semina
279 2572 437 2649 scientiae
456 2577 647 2670 naturalis,
676 2577 878 2670 posteritati
902 2576 1089 2668 invidens,
1115 2594 1202 2667 pro·

128 2678 308 2751 scindebat
319 2677 472 2749 interra.
523 2675 686 2753 Pastores
702 2695 862 2768 quoque,
888 2675 1202 2765 sicutdrantejam

130 2778 308 2857 diximus,
340 2774 367 2849 s1
389 2775 532 2867 quidem
554 2776 597 2848 ad
621 2778 803 2849 ecclesiam
827 2775 1117 2850 comminationis
1138 2773 1199 2850 bic

130 2876 247 2953 sermo
266 2871 329 2967 fit,
355 2875 476 2950 mundi
488 2875 591 2969 hujus
608 2876 785 2969 principes
802 2874 998 2968 accipiendi
1016 2871 1108 2953 sunt,
1134 2872 1200 2946 vel

131 2979 176 3051 illi
194 2974 333 3073 angeli,
359 2971 419 3047 sub
439 2996 589 3065 quorum
610 2996 693 3061 cura
707 2976 850 3064 reliquae
861 2991 986 3071 gentes
1006 2974 1200 3065 habentur,

130 3076 201 3150 sive
222 3073 327 3150 sorte
341 3074 378 3147 in
391 3075 477 3168 hoc,
504 3074 577 3148 sive
594 3075 846 3149 secretioribus
863 3074 971 3147 causis
988 3071 1201 3164 quibusdam

132 3173 305 3251 dedustoe.
356 3171 391 3245 Si
414 3193 506 3248 vcro
521 3175 562 3246 ad
580 3196 862 3266 unamquamque
885 3173 1034 3248 animam
1051 3171 1199 3244 commi·

132 3270 1199 3370 natioistareseracur,quaesemetipsamnegligitagnoscere,
1268 3261 1276 3276 ’

133 3374 309 3472 sapientes
325 3372 521 3470 &magistri
531 3375 634 3467 hujus
649 3372 763 3447 saeculi
782 3372 1001 3470 intelligendi
1013 3371 1105 3465 sunt,
1132 3371 1199 3446 do·

134 3489 255 3552 centes
270 3471 477 3567 sapientiam
494 3474 753 3565 hujusmundi:
793 3476 885 3546 utin
904 3473 1035 3548 summa
1052 3471 1126 3546 hoc
1144 3471 1198 3544 in·

132 3577 339 3672 telligatur,
375 3574 456 3665 quia
477 3571 616 3646 necesse
639 3572 691 3646 est
712 3576 860 3648 animam
882 3591 981 3665 eam,
1016 3570 1203 3665 precipue.
1263 3581 1279 3626 '³

134 3696 204 3766 qum
218 3676 325 3748 bona
341 3671 375 3744 ἅ
391 3671 540 3768 pulchra
556 3673 606 3747 est
619 3672 787 3767 sensibus,
814 3675 847 3745 dc
865 3672 1011 3768 ingenio
1028 3671 1195 3766 vigilans,

133 3770 354 3874 cognoscere
377 3769 617 3866 semetipsam,
650 3773 684 3845 dc
707 3772 790 3847 dare
811 3794 958 3865 operam
979 3770 1022 3843 ad
1044 3772 1196 3866 agnitio·

131 3894 206 3951 nem
229 3872 281 3949 sui
302 3892 369 3967 per
385 3873 556 3946 exercitia
576 3871 778 3964 doslrinae,
802 3872 836 3945 ὄπ
857 3871 967 3945 studia
982 3871 1123 3962 divina,
1151 3890 1195 3943 ac

130 3993 189 4066 per
207 3975 287 4048 hoc
308 3972 365 4068 agi
380 3969 515 4064 Spiritu
529 3972 600 4044 Dei
623 3969 794 4067 &spiritu
810 3972 1027 4063 adopu'onis.
1079 3967 1194 4043 nuto

132 4077 206 4149 talis
236 4074 316 4149 haec
332 4073 447 4145 anima
470 4069 685 4166 semetipsam
706 4074 929 4164 neglexerit,
967 4070 1000 4144 ἃ
1020 4092 1038 4141 a
1060 4069 1192 4157 divinis

132 4172 247 4248 studiis
270 4171 532 4253 declinaverit,
563 4171 704 4247 necesse
731 4171 801 4262 est,
834 4194 909 4244 earn
936 4190 1082 4262 operam
1107 4167 1192 4241 dare

132 4265 811 4449 lodismundanisicsapientgesaeculg
836 4265 1197 4452 &agispiritgmundi

512 4421 516 4438 .
685 4393 708 4448 2
1070 4392 1156 4472 ugus
