2734 4859
188 524 237 670 aa
300 566 535 648 onioitms
559 567 618 646 IN
643 565 917 644 CANTICUM
944 564 1154 650 caurio

188 740 244 812 lut
267 745 423 834 cognata
442 733 592 827 quadam
616 753 681 827 per
709 730 890 806 charitatis
914 752 1049 806 nomen
1079 733 1220 814 affinitas

187 837 389 912 sociemur:
412 836 503 909 sicut
526 834 660 928 &ille,
688 834 747 926 qui
759 835 831 927 jam
850 831 1061 925 coniunctus
1081 837 1135 928 ei,
1155 836 1220 908 dici

189 940 271 1012 bat:
297 940 384 1031 Quis
395 960 452 1006 rius
459 935 619 1032 jeperesi'l
633 963 652 1005 ii
667 940 825 1005 charitate
837 938 919 1015 Dei,
945 935 1059 1032 quantist
1075 941 1112 1005 in
1128 937 1220 1034 Chri]

191 1035 274 1136 Jesii
297 1041 432 1111 Domita
444 1031 571 1131 iwllris
595 1035 682 1122 Hoec
701 1051 818 1107 autem
840 1034 991 1106 charitas
1017 1056 1161 1108 omnem
1186 1035 1220 1110 ht

187 1141 320 1212 minem
331 1138 539 1230 proximum
558 1135 682 1231 diligit.
736 1135 796 1207 Ob
812 1136 884 1228 hoc
900 1137 991 1206 enim
1008 1136 1123 1229 arguit
1139 1135 1220 1208 salvi

187 1251 250 1312 toi
270 1236 468 1328 quendam,
496 1237 555 1326 qui
573 1237 813 1328 opinabatur,
841 1235 938 1324 quod
957 1235 1047 1324 julla
1063 1235 1179 1307 anima
1195 1257 1220 1308 e:

187 1357 231 1434 gii
247 1357 353 1429 eam,
379 1356 456 1428 qua
474 1335 718 1428 iniquitatibus
742 1335 908 1408 involuta
932 1332 1005 1415 est,
1037 1337 1220 1426 propinqu

112 1491 121 1520 .
185 1438 270 1508 tatis
287 1436 367 1528 juta
381 1457 458 1508 noir
476 1433 612 1508 servet:
639 1434 749 1506 &isla
768 1435 811 1506 de
830 1433 930 1505 causa
944 1435 1060 1506 texuit
1075 1433 1173 1508 istam
1189 1459 1220 1530 pi

184 1536 365 1626 rabolam‚
391 1554 469 1627 qua
481 1534 569 1608 dicit
578 1583 594 1626 ,-
618 1534 764 1624 quodin
781 1537 938 1607 latrones
949 1532 1075 1606 incidit
1090 1536 1220 1626 quidau

184 1636 269 1709 dum
288 1631 469 1708 descendit
485 1635 529 1708 ab
547 1631 766 1709 Hierusalem
787 1636 824 1706 in
843 1633 1042 1708 Hiericho:
1069 1635 1103 1706 dt
1125 1635 1220 1729 culpi

184 1736 327 1827 quidem
343 1733 569 1808 sacerdotem
582 1751 626 1807 ac
634 1733 812 1828 levitam,
840 1738 898 1827 qui
916 1737 1080 1808 videntes
1099 1735 1220 1810 semini

92 1871 96 1876 ·
185 1856 284 1926 cern,
306 1833 575 1928 preterierunt:
601 1834 824 1927 implebitur
842 1849 959 1907 autem
975 1833 1220 1912 Samaritanun

185 1937 245 2026 qui
259 1931 533 2008 misericordiam
549 1933 703 2026 fecerit,
725 1934 869 2008 &hunc
881 1934 980 2007 luisse
996 1937 1027 2007 ei
1039 1937 1220 2027 proximui

183 2035 313 2127 ipsius,
345 2030 673 2128 quiproposu'erat,
694 2032 924 2127 responsione
942 2033 1121 2126 firmavit,
1147 2035 1220 2110 dial

183 2135 237 2209 ei:
266 2135 373 2222 Vade,
399 2133 438 2208 θ
461 2149 498 2203 iu
513 2131 571 2226 sae
586 2134 744 2228 finiisset.
807 2132 949 2208 Etenim
973 2151 1099 2207 natura
1117 2156 1220 2208 omne

182 2233 298 2309 nobis·
312 2233 470 2306 invicem
486 2233 641 2325 proximi
663 2231 792 2308 sumus.
844 2233 1025 2328 Operibus
1048 2255 1140 2306 vero
1164 2235 1220 2310 chi

182 2333 298 2407 ritatis
323 2330 365 2405 fit'
385 2334 571 2426 proximus
595 2333 676 2426 ille,
703 2334 761 2424 qui
779 2333 898 2424 potest
925 2335 1159 2426 benefacere,
1189 2335 1219 2409 ei

183 2434 244 2524 qui
262 2451 338 2505 non
359 2431 489 2526 potest.
549 2431 658 2506 Unde
680 2433 713 2504 di
735 2433 892 2505 salvator
915 2435 1035 2506 noster
1058 2433 1170 2507 fastus
1193 2447 1220 2509 el

181 2531 368 2626 proximus
387 2533 517 2624 nobis,
544 2553 612 2604 nec
631 2533 859 2624 pertransivit
878 2553 968 2625 nos,
995 2556 1075 2607 cum
1098 2533 1220 2608 semina

181 2653 242 2704 ces
259 2653 304 2707 ex
326 2633 505 2704 latronum
523 2634 733 2704 vulneribus
746 2635 955 2723 jaceremus.
1006 2633 1118 2728 Igitur
1135 2632 1220 2708 sciet

181 2732 269 2806 dum
282 2729 364 2822 est,
391 2730 462 2804 Dei
483 2731 692 2805 charitatem
713 2731 847 2823 semper
866 2734 909 2804 ad
929 2732 1047 2806 Deum
1068 2734 1217 2808 tendere

181 2852 202 2903 a
223 2850 295 2921 quo
317 2831 501 2925 origenem
519 2831 651 2923 duxit,
688 2831 721 2903 u
744 2833 787 2905 ad
816 2834 1017 2925 proximum
1042 2831 1220 2925 respicere

180 2951 260 3002 cuni
274 2951 345 3020 quo
357 2931 583 3024 participium
596 2931 737 3019 inierit,
764 2946 895 3024 utpote
910 2933 1065 3005 similiter
1080 2952 1220 3009 creatur

177 3030 215 3102 in
243 3031 491 3123 corruptione.
543 3030 601 3102 Sic
620 3050 725 3126 ergo,
754 3052 974 3122 quaecunque
1001 3033 1045 3104 de
1065 3035 1218 3108 charitat

178 3129 308 3222 scripta
331 3127 437 3222 sunt,
469 3129 562 3220 quasi
580 3129 624 3201 de
646 3152 768 3202 amore
791 3129 880 3203 dista
897 3131 1055 3224 suscipe,
1082 3135 1172 3206 nihil
1196 3135 1217 3208 d

178 3228 383 3303 nominibus
396 3250 534 3304 curans.
585 3227 719 3302 Eadem
737 3251 888 3322 namque
902 3233 938 3303 iii
949 3247 1106 3322 utroque
1123 3236 1220 3306 virtu

179 3329 389 3405 ostenditur.
442 3329 554 3424 Quod
574 3329 691 3422 siquis
715 3330 833 3420 dicat,
861 3333 941 3420 quia
968 3330 1210 3422 &pecuniam

177 3430 430 3520 meretricem,
457 3428 490 3501 u
508 3430 574 3500 alia
587 3428 744 3502 similiter
759 3432 848 3502 mala
872 3431 999 3503 eodem
1021 3435 1208 3506 uocabulo

179 3530 277 3619 quod
298 3549 317 3600 a
341 3528 514 3602 charitate
532 3528 613 3601 duci
636 3529 808 3620 videtur,
836 3530 982 3623 diligero
999 3532 1218 3624 appellamur

175 3625 352 3700 sciendum
374 3627 445 3719 est,
470 3630 507 3702 in
526 3627 580 3700 his
601 3649 676 3700 non
695 3632 860 3722 proprie,
889 3628 946 3702 scd
961 3630 1105 3702 abusive
1128 3631 1220 3706 chari

176 3740 287 3800 tatem
308 3728 495 3802 nominari.
547 3725 673 3820 Sicut,
701 3730 804 3800 verbi
827 3732 963 3825 gratia,
990 3730 1024 3802 di
1047 3729 1148 3803 Deus
1169 3754 1219 3804 no

174 3848 256 3900 men
277 3827 519 3922 principaliter
543 3827 579 3898 in
601 3848 647 3899 eo
672 3826 746 3917 est,
784 3851 826 3900 ex
852 3851 923 3919 quo
944 3830 1085 3918 omnia,
1114 3830 1147 3902 dt
1171 3853 1220 3924 pe:

176 3946 279 4016 quem
298 3929 444 4021 omnia,
471 3926 506 3999 u
528 3928 565 3998 iii
587 3946 660 4017 quo
678 3928 823 4000 omnia:
851 3929 949 4019 quod
967 3929 1092 4019 utique
1108 3946 1220 4022 apert«

172 4026 372 4120 virtutem,
399 4026 619 4101 &naturam
646 4027 749 4097 trinae
774 4026 1017 4122 singularitatis
1050 4035 1220 4104 enunciat

172 4124 340 4199 Secundo
359 4147 452 4200 vero
476 4127 512 4198 in
536 4128 645 4217 loco,
672 4125 728 4217 δι,
759 4140 800 4198 ut
821 4129 870 4199 ita
886 4129 1057 4217 dixerim,
1085 4131 1220 4203 abusiva

170 4223 274 4303 Deos
292 4226 379 4301 dicit
392 4226 565 4323 scriptura
589 4227 695 4303 etiam
717 4226 827 4322 illos,
852 4228 896 4303 ad
914 4248 1004 4321 quos
1023 4226 1139 4402 ΐετωὲ
1158 4229 1220 4302 De,

1139 4342 1178 4421 ti
