2734 4859
229 657 284 758 t4
343 645 583 739 onerans
608 613 974 740 theutiscum
991 657 1207 740 scanne.

233 847 375 920 ramus,
390 807 566 922 'certum
592 825 692 918 quod
704 825 755 899 oh
772 824 873 920 hoc,
888 823 970 918 quia
981 819 1246 918 charitatem,'‹

235 930 358 1003 omnia
370 929 527 1020 tolerat,
552 947 631 1000 non
648 925 832 1000 habemus.
882 921 971 998 Etsi
990 945 1066 998 non
1083 923 1232 997 ferimus

236 1048 307 1122 qua
324 1027 526 1121 patienter,
552 1025 691 1100 idcirco
706 1024 778 1118 est,
803 1026 885 1117 quia
902 1024 1053 1098 charitas
1067 1027 1174 1098 nobis
1189 1026 1246 1098 det

236 1148 316 1222 quae
334 1129 455 1200 omnia
473 1126 619 1220 patitur.
667 1125 710 1201 ln
733 1124 922 1199 sudamine
945 1144 1091 1216 quoque
1113 1145 1181 1218 eo,
1210 1147 1246 1216 qt

237 1225 290 1302 est
308 1228 416 1300 nobis
440 1225 607 1300 adversus
625 1225 836 1320 diabolum,
863 1225 962 1316 quod
986 1223 1194 1317 frequenter
1218 1245 1246 1297 ct

235 1347 338 1419 mus,
365 1347 441 1416 non
463 1327 608 1400 dubium
627 1325 704 1421 cst,
728 1327 813 1418 quin
835 1325 884 1398 ob
908 1324 981 1398 hoc
997 1320 1084 1417 fiat,
1111 1324 1210 1415 quod
1233 1347 1246 1399 1

237 1425 335 1501 estin
349 1425 457 1526 nobis
475 1427 628 1499 charitas
640 1427 723 1520 iila,
749 1446 827 1519 quae
844 1445 1024 1517 nunquam
1038 1422 1144 1498 cadit
1196 1424 1246 1497 Hr

236 1546 325 1622 ergo
342 1545 502 1599 amorem
525 1527 688 1618 loquitur
712 1522 862 1620 praesens
886 1524 1090 1618 scriptura,
1125 1544 1199 1615 quo
1225 1547 1245 1598 e

235 1626 390 1704 verbum
411 1625 481 1698 Dei
500 1626 616 1700 anima
634 1627 740 1702 beata
763 1625 900 1716 utitur,
928 1623 963 1698 dt
985 1623 1246 1699 inflammatur:

226 1725 327 1828 ¹istud
343 1725 560 1819 epithalamii
580 1744 724 1799 carmen
749 1723 986 1818 perspiritum
1008 1724 1128 1816 canit,
1155 1744 1229 1815 quo

235 1819 347 1898 clefia
355 1823 486 1918 sponso
506 1822 638 1898 coelesti
658 1821 801 1898 Christo
825 1825 1055 1921 conjungitur
1073 1843 1115 1896 ac
1136 1820 1246 1896 sociat

236 1924 465 2019 desderans‚
491 1924 628 1997 misceri
648 1926 681 1998 ei
701 1944 767 2020 per
793 1926 968 2018 verbum,
994 1938 1036 1994 ut
1054 1924 1240 2014 concipiat

236 2044 307 2116 eo,
334 2022 510 2098 &salvari
531 2023 636 2118 possit
649 2043 715 2117 per
732 2024 826 2099 hanc
841 2021 970 2098 castam
991 2019 1148 2096 iiiorum
1161 2043 1246 2118 gene

235 2126 400 2215 tionem,
427 2143 509 2204 cum
528 2121 787 2216 permanserint
803 2126 839 2197 in
852 2121 944 2216 fide,
972 2121 1208 2196 &sanctitate
1226 2143 1246 2193 c

234 2221 450 2297 sobrietate:
476 2236 608 2316 utpote
624 2225 795 2319 concepti
816 2245 860 2296 ex
881 2221 1012 2296 semine
1039 2221 1181 2313 qudem
1203 2243 1246 2294 νε

234 2317 331 2413 Dei,
358 2321 444 2394 editi
462 2341 554 2394 vero
569 2324 752 2418 genitique
770 2325 827 2396 vel
847 2325 890 2395 ab
903 2321 1127 2394 immaculata
1143 2324 1245 2395 eccle

235 2423 298 2493 vel
319 2422 364 2494 ab
385 2421 500 2494 anima
514 2421 603 2494 nihil
619 2443 862 2515 corporeum,
888 2422 976 2494 nihil
993 2421 1175 2494 materiale
1192 2443 1246 2494 rec

234 2534 360 2612 rente,
386 2519 446 2593 sed
459 2520 537 2592 solo
560 2524 663 2595 verbi
687 2522 757 2594 Dei
773 2542 896 2595 amore
916 2521 1100 2616 flagrante.
1151 2519 1241 2594 Haec

234 2620 341 2698 terim
358 2621 463 2692 nobis
477 2620 519 2692 ad
533 2620 684 2714 praesens
704 2622 748 2694 de
762 2643 906 2714 amore,
935 2623 994 2692 vel
1008 2621 1202 2712 charitate,
1230 2642 1246 2713 q

235 2721 274 2792 in
291 2719 520 2814 epithalamio
536 2721 609 2793 hoc
626 2721 765 2794 Cantici
787 2721 1019 2793 Canticorum
1037 2720 1217 2812 refertur,
1242 2801 1245 2807 ¹

184 2865 199 2904 r·
236 2838 382 2891 currere
396 2833 607 2913 potuerunt.
658 2821 728 2893 Sed
748 2821 928 2893 sciendum
943 2819 1015 2911 est,
1042 2833 1114 2890 tam
1129 2821 1243 2893 multa

234 2916 294 3009 se,
320 2938 398 3009 quae
418 2919 487 2992 dici
504 2921 660 2993 debeant
681 2921 727 2993 de
751 2922 925 2992 charitate
947 2920 1037 3010 hac,
1066 2919 1246 3010 quanta&

234 3016 344 3089 Deo:
371 3018 541 3110 siquidem
554 3020 626 3112 ipse
645 3019 696 3092 est
712 3020 877 3093 charitas.
929 3021 1023 3091 Sicut
1039 3020 1134 3091 enim
1147 3043 1236 3091 nemo

234 3121 288 3186 uit
304 3134 446 3212 patrem,
472 3119 533 3214 m'fi
541 3122 653 3210 filius,
681 3119 720 3196 U
738 3126 789 3189 cui
809 3121 953 3190 voluerit
964 3121 1054 3206 filius
1065 3119 1228 3190 revelare:

235 3236 345 3289 nemo
367 3219 476 3290 novit
497 3219 727 3310 charitatem,
754 3219 816 3292 nist
837 3217 943 3291 iilius.
995 3217 1166 3290 Similiter
1186 3234 1247 3291 aut

235 3317 343 3390 etiam
361 3315 471 3409 ipsum
488 3315 621 3411 filium,
650 3320 818 3409 quoniam
834 3317 867 3389 &
881 3317 953 3409 ipse
965 3318 1117 3389 charitas
1132 3317 1203 3410 est,
1220 3321 1246 3411 ip

143 3483 148 3498 ,
236 3435 306 3505 que
325 3439 369 3488 ex
393 3417 478 3488 Deo
496 3431 598 3508 patre
616 3417 667 3489 est
692 3417 869 3510 charitas,
897 3437 1005 3489 nemo
1024 3412 1089 3487 scit
1109 3415 1172 3489 nisr
1190 3431 1246 3511 pat

233 3513 374 3587 Tamen
404 3513 596 3587 secundum
621 3516 720 3607 hoc,
748 3516 846 3606 quod
872 3518 1024 3589 charitas
1052 3515 1206 3599 dicitur,
1233 3519 1244 3590 i

232 3611 335 3685 Deus
355 3630 485 3708 pater,
512 3615 558 3686 stc
583 3615 616 3686 &
637 3611 752 3704 filius,
779 3617 840 3703 qui
866 3636 910 3686 ex
930 3630 1034 3707 patre
1053 3616 1244 3710 procedit,

230 3710 317 3783 ideo
338 3711 427 3794 scit,
462 3733 540 3803 quae
560 3713 598 3784 in
619 3713 705 3786 Deo
729 3713 835 3805 sunt,
869 3714 959 3786 sicut
983 3711 1122 3809 spiritus
1147 3716 1246 3789 homi

232 3807 327 3901 scit,
356 3832 432 3902 quae
449 3813 486 3884 in
509 3811 658 3885 homine
685 3812 774 3887 sunt.
824 3812 936 3886 Nunc
959 3833 1052 3886 vero
1078 3815 1246 3906 paracleti

230 3906 374 4000 spiritus
386 3913 573 4003 veritatis,
588 3913 647 4003 qui
661 3913 706 3985 de
720 3925 822 4004 patre
837 3913 1026 4007 procedit,
1049 3914 1197 4001 circuit,
1212 3937 1246 4010 qr

230 4028 336 4090 rens,
362 4007 486 4100 fiquas
505 4013 668 4084 inveniat
684 4012 804 4107 dignas
822 4012 856 4082 dc
878 4032 1026 4104 capaces
1049 4013 1204 4108 animas,
1230 4036 1246 4108 ς

135 4179 138 4186 ,
229 4107 297 4179 bus
317 4111 459 4194 revelet
480 4112 759 4205 magnitudinem
785 4111 967 4185 charitatis
991 4113 1117 4205 hujus,
1152 4134 1232 4205 quae

226 4201 316 4278 Deo
339 4206 399 4282 est.
450 4206 561 4281 Nunc
579 4231 666 4306 ergo
683 4212 756 4302 jam
773 4209 885 4303 ipsum
908 4211 1026 4284 Deum
1048 4227 1246 4305 patrem,r

172 4289 382 4443 *matius
403 4303 480 4404 est,
506 4308 725 4387 invocantes
749 4330 816 4410 per
840 4330 948 4406 eam,
973 4329 1051 4406 qua
1068 4333 1114 4387 ex
1128 4310 1245 4486 iphsoe

269 4441 279 4460 ‚
391 4437 413 4460 ν’
1132 4431 1246 4487 carr·
