2734 4859
199 473 206 488 l

326 513 336 524 a

153 557 158 566 ι

296 695 370 730 .-
440 643 843 738 trunam·
891 677 901 778 j
1121 673 1192 758 rae

132 819 364 898 credentibus
385 822 605 910 excitantur:
630 820 724 895 &ita
738 817 878 896 demum
892 821 1105 897 maturitatis
1113 824 1192 917 ejua

134 922 362 998 dulcedinem
376 924 530 1017 prebet,
555 920 664 1012 usque
684 920 767 994 dum
787 920 960 1014 perducat
975 943 1039 996 coc
1054 924 1098 997 ad
1114 938 1191 998 tor·

134 1024 289 1116 colaria,
328 1022 393 1097 ubi
420 1019 615 1096 effunditur
638 1019 776 1116 sanguis
801 1041 903 1113 uvae,
940 1019 1076 1119 sanguis
1098 1024 1192 1099 novi
1276 1025 1283 1043 ‘

132 1119 378 1216 Testamenti,
404 1120 621 1214 qui-bibatur
636 1119 674 1192 in
692 1119 749 1193 die
767 1117 859 1192 festo
873 1120 910 1193 in
925 1119 1165 1215 superioribus
1176 1174 1207 1218 „

134 1225 198 1298 ubi
214 1221 363 1297 stratum
383 1240 549 1317 magnum
569 1231 727 1312 paratum
745 1217 806 1293 est.
856 1221 1020 1318 sicergo
1039 1241 1102 1314 per
1125 1221 1192 1297 fin·

132 1324 242 1418 gulos
264 1321 334 1396 hos
354 1318 536 1415 profertur
554 1316 728 1414 graduum·
745 1317 912 1392 incedere
936 1334 1088 1412 oportet
1108 1342 1193 1404 eoa,

135 1422 197 1513 qui
221 1439 289 1515 per
302 1418 557 1495 sacramentum
574 1418 684 1508 vitis,
711 1416 906 1492 &botrum
924 1421 1024 1514 cypri
1040 1419 1191 1515 initiati,
1208 1429 1214 1436 “
1247 1420 1249 1426 ’

134 1517 636 1616 adperfectionenferupcur,
662 1517 697 1589 tr
712 1518 858 1590 calicem
867 1519 958 1590 novi
971 1515 1194 1595 Testamenti
1273 1578 1277 1594 .

135 1621 181 1694 ab
202 1617 286 1715 Jesu
302 1617 499 1712 susceptum
514 1615 646 1706 'bibere
665 1616 903 1690 contendunt.
959 1619 1071 1716 Quod
1088 1618 1112 1692 s1
1131 1640 1194 1713 cy·
1262 1647 1264 1654 ·

134 1739 222 1814 prus
243 1717 295 1792 sui
313 1718 453 1816 generis
471 1718 578 1790 arbor
600 1712 913 1808 accipiendum,
936 1718 1040 1810 cujus
1059 1717 1194 1795 fructur

133 1819 245 1892 ctiam
269 1815 340 1892 flos
364 1837 441 1892 non
459 1827 596 1888 tantum
611 1814 736 1888 odoris
755 1812 985 1907 suavitatem,
1021 1832 1194 1908 quantum

133 1918 170 1991 tr
189 1918 268 1992 vim
288 1914 527 1991 calefaciendi·
537 1929 579 1986 ac
602 1912 756 1988 fovendi
774 1913 903 1987 dicitur
919 1915 1108 2008 poffideret
1132 1919 1194 1993 illa

131 2017 208 2093 sme
233 2016 346 2090 dubio
374 2012 546 2107 accipitur
575 2010 691 2106 sponli
711 2014 850 2108 virtue,
891 2035 960 2106 qua
971 2015 1194 2094 incalescunt
1243 2077 1245 2082 ,

134 2119 261 2192 anime
284 2133 368 2213 erga
382 2111 488 2188 fidem
505 2114 580 2204 ejus
598 2113 632 2186 dc
649 2112 897 2205 charitatem,
916 2134 992 2205 quac
1008 2117 1195 2213 continge-
1230 2131 1253 2166 ··

135 2217 200 2290 bat
215 2235 308 2309 eoa,
341 2213 402 2306 qui
422 2211 604 2288 dicebant:
630 2215 751 2284 Nonne
772 2237 823 2294 cor¹
840 2212 977 2309 rroflrpcm
994 2233 1066 2289 erat
1080 2221 1196 2290 ardens
1231 2213 1244 2228 ’“

133 2319 232 2386 itura
250 2338 329 2393 nor,
361 2338 430 2384 cum
456 2314 632 2409 adoperire!
652 2313 741 2381 nolis
763 2309 963 2407 scripturas?
999 2316 1072 2390 Vel
1093 2331 1193 2393 certe

133 2413 309 2507 quoniam
333 2413 379 2489 de
399 2413 514 2486 vineis
530 2408 690 2505 Engaddi
704 2413 833 2484 botrus
852 2410 910 2484 hic
929 2412 1063 2489 florens
1079 2420 1195 2500 nomi·

135 2527 245 2587 natur
265 2512 351 2587 elle:
386 2511 544 2607 Engaddi
559 2523 678 2583 autem
697 2512 953 2603 interpretatur
970 2517 1097 2589 oculus
1115 2529 1195 2591 ten·

136 2613 290 2686 tationis
304 2632 412 2687 meac:
437 2611 461 2683 sr
477 2611 553 2700 quis
570 2606 641 2701 est,
667 2611 725 2700 qui
743 2609 961 2683 intelledlum
979 2616 1111 2689 habere
1128 2639 1194 2710 po·

136 2711 223 2802 test,
249 2712 437 2803 quomodo
454 2709 607 2781 tentatio
621 2706 929 2802 estrvitahominis
939 2709 1041 2805 super
1051 2730 1196 2798 terram,

137 2811 176 2886 dt
194 2810 381 2908 intelligit,
407 2807 594 2901 quomodo
617 2809 693 2896 quis
711 2810 747 2880 in
772 2809 856 2881 Deo
877 2810 1022 2902 eripitur
1041 2838 1061 2887 a
1080 2829 1196 2891 tenta·

135 2912 258 3001 tione,
284 2910 319 2982 dc
334 2911 393 3001 qui
407 2905 564 3004 agnoscit
577 2908 782 2997 qualitatem
799 2910 1011 2984 tentationis
1023 2912 1102 3005 sure,
1127 2918 1206 3012 ita,-

136 3023 181 3083 ut
201 3007 309 3103 poffit
331 3009 375 3081 de
392 3006 468 3099 ipso
488 3006 576 3085 dici,
609 3006 690 3096 quia
709 3008 746 3079 in
766 3009 820 3080 his
837 3010 1001 3082 omnibus
1020 3034 1095 3086 non
1111 3035 1195 3106 pcc·

137 3109 283 3183 caverit
304 3107 405 3180 labiis
420 3105 487 3178 suis
505 3124 627 3178 coram
644 3105 750 3198 Deo,
777 3106 861 3179 huic
879 3106 1010 3182 Botrus
1033 3115 1195 3208 cypride

136 3208 259 3281 vineis
277 3204 438 3304 Engaddi
455 3202 603 3279 efficitur
620 3206 771 3279 verbum
792 3204 872 3278 Dei.
922 3205 1194 3290 Observandum

137 3320 262 3380 tamen
281 3305 356 3399 est,
390 3303 487 3395 quod
504 3305 615 3376 verba
628 3301 761 3396 sponse
782 3306 830 3375 ita
848 3304 1071 3392 referuntur,
1105 3326 1147 3385 ut
1162 3313 1198 3386 dr

137 3406 272 3481 nardus
293 3405 326 3476 dr
343 3405 604 3497 alligamentum
620 3416 729 3497 guttae
742 3404 775 3475 du
789 3404 922 3476 Botrus
943 3411 1042 3499 cypri
1058 3412 1117 3503 ipsi
1133 3412 1197 3487 soli
1230 3413 1251 3466 ’-

137 3505 221 3597 sint,
246 3516 379 3597 utpote
396 3502 600 3593 quaeinhos
609 3502 879 3598 jam-profedlus
896 3502 1099 3584 ascenderit.
1132 3509 1199 3584 So·

140 3606 177 3677 la
201 3605 296 3678 enim
317 3598 696 3700 perfectaaninaest‚
733 3624 809 3694 quae
823 3608 873 3676 ita
892 3604 1000 3678 habet
1019 3609 1199 3703 purum&
1284 3694 1285 3701 ἵ

139 3720 329 3800 purgatum
345 3701 623 3777 odoramentum
644 3700 692 3773 sui
712 3697 846 3788 sensus,
873 3717 912 3775 ut
926 3707 1030 3800 pollit
1051 3709 1200 3782 nardi&

142 3815 275 3897 guttae,
302 3802 338 3876 dr
356 3799 458 3893 cypri
475 3821 520 3871 ex
539 3802 655 3872 verbo
673 3798 743 3872 Dei
763 3802 993 3892 procedentis
1015 3806 1204 3906 fragranti·

106 3921 123 3964 2·
142 3922 196 3979 am
213 3922 368 4003 capere,
395 3898 431 3972 dc
446 3897 594 3997 gratiam
609 3897 722 3974 divini
737 3901 861 3976 odoris
881 3904 1033 3994 haurire.

614 4394 708 4494 M5
