2734 4859
417 552 791 634 HOMILIA
836 554 934 634 ΧΠ.
1135 583 1205 654 511

150 781 154 788 .
222 743 257 798 a.
282 718 556 795 confideremus
575 735 692 814 ergo,
723 727 850 792 omnes
870 717 1035 794 hominen
1054 713 1207 819 figurali·

141 837 204 902 ter
225 839 375 916 capaces
395 815 466 894 else
480 817 582 911 vini,
608 837 678 890 nec
691 817 787 891 aliud
804 816 856 892 eie
869 815 1052 914 possumus
1068 841 1205 902 nornen

141 928 358 1018 imponere,
383 936 654 1013 quamcapacea
670 916 776 1010 vini,
802 937 907 1010 quam
927 931 1077 1012 utrem,
1099 921 1134 996 ἃ
1155 924 1206 1000 dl.

143 1044 262 1116 cere,
296 1020 378 1114 quia
397 1039 551 1111 nequam
573 1016 689 1092 homo
706 1016 832 1110 plenus
854 1018 907 1092 fit·
918 1018 1010 1092 vino
1031 1019 1077 1094 de
1096 1023 1211 1101 vinea

142 1124 390 1198 Sodomorum
412 1116 756 1214 &AEgyptiorum
778 1118 906 1210 pleuua
928 1118 1020 1192 vino
1042 1119 1215 1200 inimicam

143 1245 226 1298 rum
237 1220 365 1307 lsrael:
391 1215 527 1292 sandius
543 1235 637 1290 vero
653 1215 687 1290 dr
702 1217 756 1308 ia,
782 1218 896 1309 quiin
910 1218 1105 1296 virtutibua
1119 1244 1205 1316 pro·

144 1322 251 1404 ficit,
276 1322 402 1416 plenue
420 1316 465 1410 fit
482 1315 527 1392 de
548 1317 655 1390 vinea
673 1313 788 1391 Sorec
809 1316 936 1409 vin0.,·
957 1317 1003 1392 de
1025 1339 1099 1411 quo
1124 1320 1206 1398 scri·

144 1438 249 1521 ptum
267 1417 341 1496 usta
372 1416 470 1490 calix
488 1429 564 1489 tries
588 1416 755 1488 intirim
765 1441 864 1590 ἕνα
879 1423 1047 1514 proclam
1064 1421 1125 1518 ess,
1150 1423 1206 1496 vi·

144 1544 226 1615 no,
259 1517 359 1612 quod
381 1516 521 1592 miscuit
538 1515 720 1614 sapientia.
798 1530 815 1588 t
833 1517 912 1596 haec
937 1516 1081 1612 quidem
1102 1520 1213 1598 intel·-

144 1621 238 1697 leeia
256 1620 311 1712 ibi
333 1617 402 1692 lint
426 1614 619 1691 secundum
651 1615 847 1708 nequitiam
880 1634 988 1711 atque
1019 1619 1207 1717 virtutem.

145 1718 414 1820 Agnoscamus,
438 1715 627 1810 quomodo
638 1715 764 1790 ,omnis
782 1728 865 1790 uter
880 1716 1087 1812 implebitur
1103 1719 1206 1799 vino.

145 1821 184 1896 Si
200 1835 318 1894 autem
338 1815 522 1911 nequitia,
547 1813 611 1890 seu
632 1813 827 1890 virtutibus
847 1815 1063 1911 impleantur
1083 1832 1207 1916 utres-¹,

147 1917 371 2011 consequens
393 1914 471 2008 est,
507 1929 549 1989 ut
570 1911 749 2010 suppliciis
774 1915 988 2008 impleantur
1011 1918 1061 1992 ob
1082 1922 1209 2012 nequi·

145 2022 258 2112 tiam,
291 2013 600 2092 benedictionibus
625 2015 677 2092 ob
699 2015 883 2100 virtutem.
909 2013 1141 2096 -Exhibeant
1158 2021 1209 2094 sa·

145 2138 217 2193 cra
241 2120 370 2191 litterae
390 2113 658 2208 testimonium,
692 2134 767 2208 quo
784 2114 890 2210 patio
907 2127 1116 2213 tormenta,
1148 2117 1210 2194 seu

147 2215 436 2313 repromiffioner
467 2219 593 2290 uinum
622 2229 887 2309 nuncupantur.
944 2221 1058 2316 Accipe
1082 2218 1208 2292 calicem

147 2322 227 2390 vrrrr‘
238 2323 317 2387 meri
328 2316 442 2414 r'jlr’rrs,¹
458 2313 498 2394 θ
504 2316 629 2413 potabis
645 2338 747 2386 emm
756 2332 893 2410 genter„¹
912 2317 954 2388 ad
966 2342 1045 2415 quer
1058 2323 1206 2396 ternam

145 2415 318 2513 Jeremlas
336 2429 455 2490 autem
472 2413 551 2489 haec
562 2415 740 2510 loquitur:
766 2411 1129 2507 superquodinsert:
1158 2419 1208 2492 Et

148 2518 256 2587 bibent
275 2514 320 2592 ds·
334 2521 467 2586 amiam
487 2515 526 2591 (s
545 2516 707 2606 instruitur
723 2514 762 2592 d
777 2516 908 2588 calena*
950 2516 1063 2615 Igitur
1079 2513 1210 2612 suppli·

149 2616 251 2689 cialn
265 2610 655 2709 presentilocovinunr
666 2617 1091 2712 meracumuuncupavit.
1119 2617 1209 2719 Qui·¹

147 2718 228 2789 dam
247 2716 377 2789 bibunt
401 2733 543 2788 meraca
570 2717 675 2796 vina,
699 2709 836 2805 idest,
868 2719 1018 2790 meracis
1043 2716 1208 2792 cruciati·

147 2819 217 2889 bus
230 2813 326 2910 digni
343 2813 440 2886 sunta
466 2815 524 2892 alli
541 2826 659 2888 autem
674 2813 804 2888 bibrmt
817 2811 1002 2907 supplicia:
1029 2819 1115 2894 vina
1134 2817 1210 2910 qui·

150 2916 232 2989 dem
246 2934 323 2987 non
342 2914 487 3014 penitus
501 2915 662 3007 merac'a,
688 2912 747 2987 sed
763 2933 808 2987 ex
824 2928 927 3006 parte
940 2915 1058 3006 aliqua
1072 2927 1209 3009 tempe·

147 3028 229 3088 aaut
245 3034 255 3086 t
284 3017 376 3086 calix
392 3020 530 3086 enimin
550 3037 647 3085 marcu
664 3017 799 3100 Domim
813 3018 890 3083 vini
903 3022 982 3086 meri
993 3017 1110 3112 plenus
1125 3021 1209 3098 urin·

148 3130 205 3197 to,
231 3113 270 3190 ss
288 3115 519 3185 inclinavitex
536 3113 593 3185 hoc
612 3115 757 3202 suissed,
781 3129 1001 3187 neumarum
1012 3115 1210 3213 enfaexejrrr

149 3239 218 3286 nora
232 3213 273 3312 ιβ
287 3219 476 3297 exiendum
503 3214 607 3285 sideru
622 3238 661 3283 rx
673 3239 707 3290 re
720 3235 825 3284 omnes
840 3230 1010 3309 pecatores
1025 3231 1127 3288 aare.
1170 3215 1209 3290 Si

151 3314 209 3392 via
223 3313 266 3386 ad
278 3311 537 3388 benedictionis
557 3314 703 3388 calicem
725 3309 925 3407 respicere,
952 3335 1059 3407 quem
1079 3314 1210 3390 bibunt

144 3412 253 3508 iusti,
286 3416 374 3486 licet
397 3410 544 3487 sufficiat
565 3411 743 3507 sapientia
766 3411 1035 3509 testimonium,
1065 3414 1103 3488 in
1132 3434 1208 3508 quo

148 3516 218 3588 ait:
244 3513 351 3585 Br'sr'lt
364 3517 501 3600 vinum,
528 3515 607 3611 quod
625 3513 734 3602 mistus
750 3511 864 3602 vobin
890 3528 1017 3596 ¹tamen
1035 3513 1120 3588 vide
1138 3511 1212 3588 Sal·

149 3626 317 3688 vatorem
334 3610 583 3689 ascendentem
599 3613 657 3688 die
675 3608 815 3690 Pascha
834 3613 968 3709 grande
988 3616 1216 3689 coenaculum-

148 3709 296 3786 stratum
321 3726 429 3804 atque
452 3712 688 3806 mundatum,
715 3712 932 3810 &agentem
960 3714 1055 3789 diem
1082 3711 1211 3796 festum

151 3831 234 3882 cum
256 3810 432 3905 discipulis
455 3808 553 3906 suia,
580 3813 752 3905 illumque
775 3814 827 3886 eie
846 3815 992 3888 calicem
1007 3815 1211 3908 propinan-

151 3924 248 4001 tem,
275 3911 409 4004 dequo
434 3911 472 3984 in
493 3914 706 4010 euangelio,
731 3912 831 4004 quod
848 3912 1028 3989 miscuerit
1045 3915 1150 4006 eum,
1175 3913 1210 3987 dt

151 4009 202 4083 ita
222 4009 407 4084 tradiderit
422 4032 434 4100 ;
460 4009 558 4106 Jesus
575 4015 670 4087 enirn
689 4007 872 4085 laetificans
890 4011 1083 4109 discipulos
1100 4033 1215 4089 mera·

151 4129 235 4182 cum
254 4111 304 4182 eis
320 4113 490 4202 poculum
504 4115 694 4206 propinat,
719 4109 868 4185 dedicit:
894 4111 1211 4210 Accipiredbr'lr'rea

153 4212 219 4282 lan·
235 4212 273 4309 est
285 4211 417 4306 fingaris
434 4235 542 4292 mear,
567 4221 623 4316 qui
634 4238 693 4314 pto
710 4213 798 4286 celis
814 4211 997 4305 offendetur
1009 4218 1048 4286 in
1068 4207 1224 4322 unffi...

612 4371 614 4376 .
1092 4334 1166 4383 nere
