2734 4859
82 161 1249 450 .-

257 719 269 730 ·
401 661 999 786 nonrtrnxn·
1122 705 1191 803 5³:

129 867 392 946 Veruntamen
412 869 494 960 qui:
510 868 655 961 utrique
671 880 815 944 montes
832 863 914 942 sunt
927 863 1066 964 magni,
1091 885 1194 944 mon·

130 984 189 1043 tes
204 972 368 1043 lucentcs
386 965 602 1064 suntangeri
620 967 740 1042 Dei&
760 967 970 1060 prophete:
997 961 1122 1041 Moses
1140 963 1192 1042 fu·

130 1070 364 1160 munecius,
390 1066 544 1162 apostoli
561 1065 644 1162 Jesu
661 1065 810 1161 Christi,
836 1065 882 1140 de
897 1067 1023 1160 quibus
1036 1068 1193 1142 arbitror

133 1169 225 1246 dici:
254 1171 476 1240 Fundamenta
493 1171 560 1264 ejus
575 1175 613 1238 in
624 1165 783 1238 montibus
791 1163 926 1256 fiendis.
975 1165 1126 1240 Montes
1139 1181 1194 1242 te·

132 1263 277 1342 nebrofi
295 1267 397 1360 sunt,
431 1269 490 1358 qui
513 1267 697 1364 eriguntur
722 1265 888 1340 adversus
911 1263 1091 1340 scientiam
1107 1265 1198 1350 Dei.⁸

132 1368 290 1444 Zabulue
313 1387 419 1441 mons
440 1364 652 1440 tenebrosus
674 1363 737 1442 est.
790 1365 971 1458 Principe:
992 1362 1104 1439 saecuii
1126 1367 1192 1440 hu-

129 1468 216 1561 jus,
244 1465 304 1561 qui
324 1463 573 1559 destruuntur,
599 1479 744 1540 montes
767 1463 846 1540 sunt
866 1463 1058 1541 tenebrosi.
1109 1464 1192 1540 1)ae-

132 1566 294 1642 monium
324 1567 496 1659 lunatici,
521 1587 627 1642 mons
660 1579 749 1642 erat
771 1567 805 1638 d:
831 1563 1059 1642 tenebrosus:
1083 1573 1190 1640 moire

133 1679 230 1756 erat,
256 1664 396 1757 dequo
417 1665 586 1738 Salvator
608 1666 678 1740 eit:
705 1645 748 1738 di
766 1668 886 1738 dixeris
901 1670 1005 1736 musci
1024 1667 1117 1736 huic:
1143 1663 1192 1738 de
1286 1685 1289 1702 ·

132 1764 294 1840 lunatico
317 1765 449 1859 quippe
477 1765 656 1840 demonio
678 1763 740 1839 srbi
763 1763 908 1857 questio
927 1763 1120 1838 inciderat:
1155 1763 1191 1838 dc
1264 1813 1266 1818 ·
1293 1807 1295 1820 ι

133 1864 333 1940 dicentibus
356 1862 559 1956 discipulis:
596 1867 677 1938 Non
695 1871 858 1962 potuimus
879 1870 988 1963 ejicere
1007 1865 1109 1950 illud,
1134 1882 1192 1938 re-

133 1962 279 2055 spondit
291 1964 484 2038 Salvator:
511 1969 553 2036 Si
567 1965 848 2055 habunimfid'em
860 1983 1042 2058 :tegmem
1052 1962 1190 2060 stuppis,

133 2067 244 2138 diceris
263 2072 364 2137 murti
378 2063 453 2162 isti,
480 2063 614 2157 dequo
631 2061 793 2156 quaefistu
809 2117 822 2157 ,
848 2064 894 2138 de
911 2084 985 2158 quo
1002 2061 1190 2158 proposui·

133 2163 215 2251 stis;
241 2162 349 2233 dicetis
370 2169 471 2236 menei
490 2165 590 2236 huic:
626 2158 835 2257 Transmigru
854 2165 952 2244 binc,
976 2161 1015 2238 b
1034 2167 1192 2235 transmi-

132 2261 261 2357 grabit,
284 2261 320 2336 id
345 2265 418 2356 est,
442 2263 487 2336 ab
513 2261 660 2340 homine
686 2263 730 2336 ad
754 2266 876 2338 iocum
901 2259 1087 2338 definitum
1112 2259 1189 2339 irbi.

134 2361 209 2460 Qui
224 2381 313 2458 ergo
329 2357 542 2457 offendunt,
566 2383 644 2438 non
655 2361 848 2438 offendunt
864 2361 967 2457 super
982 2375 1123 2440 montes
1136 2363 1191 2438 lu·

135 2473 280 2554 center,
305 2458 364 2536 sed
378 2460 482 2558 super
498 2478 641 2538 montes
661 2461 895 2557 tenebrosos,
920 2463 1092 2538 iisueriut
1106 2479 1190 2540 cum

133 2561 302 2654 Zabulo,
327 2561 363 2634 de
382 2562 514 2658 angeli:
529 2563 807 2660 ciuemontibus
826 2561 1047 2637 tenebrosis:
1076 2563 1122 2632 Et
1133 2561 1192 2648 su-

124 2661 287 2760 stinebitis
303 2664 342 2732 iu
361 2655 479 2736 iumen.
528 2659 652 2737 Potest
668 2661 811 2754 quidem
828 2661 940 2756 aptari
957 2661 1063 2753 huic,
1089 2657 1191 2752 quod

136 2761 289 2834 dicitur:
317 2764 405 2834 Date
419 2765 553 2858 glorium
576 2765 715 2834 Domino
734 2765 802 2834 Dee
818 2762 937 2860 unsre,
962 2758 1062 2853 hoc,
1090 2757 1190 2851 quod

134 2858 247 2935 modo
274 2859 410 2934 infert:
451 2859 711 2956 Eefirflineiiris
734 2861 908 2939 indumen.
958 2857 996 2932 Si
1020 2858 1192 2933 dederitis

134 2957 300 3034 Domino
329 2959 415 3034 Deo
449 2958 570 3034 vestro
602 2962 773 3057 glorian,
802 2973 992 3052 antequem
1016 2975 1193 3031 conterre·

135 3055 299 3142 brescat,
333 3059 369 3132 de
392 3071 581 3152 antequam
602 3059 792 3133 offendent
817 3057 926 3151 pedes
952 3053 1060 3132 vestri
1086 3052 1191 3148 super

134 3171 280 3232 montes
305 3156 543 3253 tenebrosos,
578 3158 672 3232 baud
696 3159 864 3250 dubium,
899 3156 1009 3250 quin,
1041 3152 1192 3230 etiarnsi

135 3258 458 3351 contenebrescat,
485 3259 519 3332 d:
546 3255 767 3352 sustineatis,
793 3258 914 3332 lumen
935 3277 1006 3332 vos
1028 3251 1190 3348 suscipat.

134 3356 239 3430 Alius
257 3377 348 3432 vero
366 3357 482 3447 dicet,
507 3354 653 3451 nescio,
674 3369 795 3432 utrum
809 3355 905 3430 reste
922 3375 965 3430 en
981 3373 1191 3450 perperam,

135 3456 217 3548 quia
240 3459 274 3530 d:
291 3457 351 3550 hi,
376 3457 437 3549 qui
455 3453 647 3532 offendunt
671 3455 775 3549 super
794 3469 938 3531 monte:
954 3452 1191 3547 tenebrosos,

134 3553 327 3648 expetunt
343 3555 534 3649 aliquando
547 3555 796 3632 misericordie
810 3551 955 3630 lunen.¹
990 3551 1077 3628 Hoc
1094 3553 1191 3628 enirn

136 3657 282 3728 videtur
298 3655 506 3731 ostendere:
534 3657 583 3730 E:
591 3657 788 3754 supineiiu‘s
799 3651 837 3728 ἐπ’
849 3655 968 3732 lemn.
1018 3653 1055 3728 st
1071 3668 1192 3728 autern

138 3755 216 3846 quie
240 3758 380 3833 venerit
396 3755 440 3829 ad
456 3770 599 3834 montes
622 3751 865 3847 tenebrosos,
890 3752 1004 3848 vide,
1040 3751 1123 3846 qnid
1139 3749 1189 3824 ibi

138 3854 312 3932 inveniet
372 3853 436 3930 Est
462 3852 536 3927 illic
565 3859 690 3934 umbra
710 3851 849 3948 mertis.
905 3849 981 3928 Ubi
1009 3849 1191 3926 tenebrosi

137 3964 305 4048 montes,
335 3954 386 4029 ibi
409 3953 534 4030 umbre
556 3957 685 4034 nortis
709 3974 756 4030 ex
784 3950 864 4051 ipsu
895 3951 1080 4028 nonduin
1105 3969 1192 4044 pro·

140 4065 272 4128 creata.
923 4083 931 4118 r

219 4172 275 4246 13.
303 4147 352 4225 Ee
368 4166 528 4250 peneum
542 4153 581 4226 iu
599 4149 752 4236 emptu.
804 4151 855 4228 Et
873 4148 935 4248 nifi
954 4145 1123 4240 ,redieritis¹
1140 4169 1191 4214 uc·

140 4251 246 4342 culte,
270 4250 407 4344 plorabit
422 4256 531 4328 anime
542 4239 647 4350 uestra
659 4275 680 4324 a
691 4249 776 4346 facie
792 4247 996 4324 metumedia.
1045 4243 1104 4320 De
1120 4239 1191 4332 his,

140 4350 203 4448 qui
217 4351 392 4453 audiunt,
416 4353 556 4450 quidam
580 4345 1094 4536 oclctlllteaud'tmqtndm
1107 4361 1210 4449 nere

719 4479 742 4557 3
862 4481 867 4494 ·
1093 4456 1189 4515 (ΜΣ
