2734 4859
273 569 792 666 firnotoout
1052 605 1100 682 μ

138 750 189 808 'ur
203 755 256 806 ue
274 731 376 825 escaio
393 741 460 820 oris
478 736 543 826 sui.
592 736 705 812 Unde
718 737 931 814 &omnibus
948 744 1099 820 canticis

138 832 387 930 ›prefertur3
413 835 561 910 videtur
576 839 672 913 enim
692 851 821 912 caetera
834 842 992 932 cantica,
1021 866 1100 936 quae

147 935 352 1030 propheta
369 939 602 1030 cecinerunt,
626 941 787 1032 parvulae
807 937 924 1014 adhuc
940 941 1098 1044 sponsu,

139 1059 145 1106 ε
168 1035 344 1112 nondum
363 1036 540 1112 vestibula
560 1054 708 1113 maturae
724 1041 837 1112 aetatis
860 1039 1009 1136 ingressa
1030 1042 1095 1137 snt,

139 1151 238 1210 tata:
255 1135 331 1210 hoc
344 1157 437 1211 vero
454 1138 631 1212 canticum
646 1139 788 1229 adultae,
799 1138 831 1211 dr
837 1139 909 1232 iam
919 1141 1026 1216 valde
1037 1163 1102 1216 ro.

144 1290 159 1330 ‚
205 1237 243 1308 da
266 1257 345 1329 qua
364 1237 479 1333 capax
499 1237 541 1312 sit
561 1239 634 1330 jam
653 1239 768 1310 virilis
787 1239 961 1331 potentiae
980 1241 1097 1332 perfe-

160 1332 353 1430 mysterii,
379 1337 573 1414 decantari.
624 1336 829 1412 Secundum
850 1340 947 1430 quod
966 1341 1098 1416 dicitur

139 1457 184 1530 a,
216 1437 300 1528 quia
324 1457 396 1512 una
412 1439 455 1513 fit
474 1435 630 1532 perfecta
658 1437 836 1512 columba.
890 1440 999 1537 Quafi
1018 1461 1099 1532 per·

139 1555 231 1632 ergo
246 1535 398 1630 perfecti
413 1539 482 1612 viri
497 1536 623 1632 sponsa
637 1536 803 1631 perteue
820 1534 971 1633 suscepit
984 1541 1098 1618 verbu

140 1657 214 1712 nae.
265 1635 422 1712 Primum
444 1659 533 1735 ergo
555 1640 733 1712 canticum
755 1637 887 1711 cecinit
908 1637 991 1711 Deo
1015 1637 1100 1712 Mo·

151 1734 225 1810 filii
251 1733 386 1831 lsrael,
420 1737 565 1831 quando
590 1737 762 1812 viderunt
779 1734 977 1831 AEgyptios
1002 1759 1100 1811 mor·

140 1837 170 1908 ,d
190 1837 297 1909 littus
310 1838 439 1931 maris,
465 1837 655 1930 &quando
671 1837 844 1910 viderunt
860 1857 1003 1910 manum
1023 1835 1100 1909 for·

140 1958 153 2008 r
176 1935 369 2012 brachium
391 1937 569 2014 excelsum
588 1937 770 2027 Domini,
805 1934 839 2007 δι
868 1935 1101 2024 crediderunt

140 2034 313 2110 rfamulo
329 2039 404 2130 ejus
418 2037 527 2114 Moli.
577 2036 687 2111 Tunc
705 2049 961 2123 cantaverunt,
980 2035 1101 2112 dicen·

140 2138 308 2208 {animus
319 2141 479 2231 nummu
499 2140 627 2233 gloriose
636 2139 923 2230 enimglorificarm
938 2134 989 2222 eli.
1021 2135 1101 2234 Ego

141 2260 148 2309 ι
171 2237 360 2331 arbitror,
394 2239 493 2331 quod
512 2258 589 2316 non
608 2236 712 2330 poffit
732 2237 773 2310 ad
795 2234 887 2309 istud
902 2233 1100 2329 persedium

141 2339 167 2409 ir
193 2335 385 2430 mysticum
413 2339 590 2412 canticum
614 2337 839 2431 pervenire,
877 2337 910 2408 δι
936 2335 979 2407 ad
1000 2334 1100 2414 istam

141 2434 292 2509 ,tionem
307 2435 462 2529 sponsae,
488 2457 566 2530 quae
589 2438 625 2509 in
651 2437 719 2510 hac
743 2436 916 2527 scriptura
934 2438 1101 2510 contina-

141 2536 200 2609 rifi
216 2536 313 2629 prius
329 2538 488 2611 ambulet
504 2557 569 2633 per
586 2537 715 2610 siccum
733 2538 768 2608 in
785 2533 906 2608 medio
924 2540 1037 2628 mari,
1066 2537 1114 2610 dt.

141 2641 148 2708 i
170 2656 266 2726 aqua
286 2657 444 2709 murusa
464 2638 611 2710 dextera
635 2637 826 2727 laevaque,
855 2634 951 2707 &fic
971 2635 1103 2708 evadat

142 2737 266 2808 unibus
290 2734 571 2832 AEgyptiorum,
603 2738 679 2827 ita,
707 2751 748 2807 ut
769 2735 890 2807 videat
918 2755 983 2806 eos
1006 2755 1103 2807 mor·

142 2836 176 2908 td
192 2836 295 2907 littus
307 2839 434 2928 maris,
448 2852 555 2929 atque
568 2837 713 2909 intuens
728 2855 870 2908 manum
882 2833 1013 2906 fortem
1024 2835 1103 2907 Do·

171 2934 257 3025 quia
281 2935 465 3010 interfecit
489 2934 714 3030 AEgyptios,
742 2935 866 3007 credat
880 2934 1045 3005 Domino
1067 2932 1103 3007 dr

144 3056 169 3107 o
188 3035 267 3125 ejus
281 3034 389 3110 Most.
441 3034 537 3108 Mos1
552 3051 672 3108 autem
686 3036 768 3107 dico
785 3036 853 3128 legi
869 3049 976 3123 atque
994 3054 1104 3106 evan-

143 3188 157 3226 ,
186 3135 426 3228 omnibusque
442 3135 571 3209 divinis
590 3133 793 3225 scripturis3
821 3148 909 3204 tunc
924 3133 1018 3207 enim
1033 3155 1108 3208 me·

142 3233 301 3326 antabit,
328 3233 488 3309 &dicetz
517 3237 690 3305 curaremus
704 3236 859 3316 Dumium
881 3233 1107 3326 gloriosarum

143 3349 232 3406 carus
254 3332 303 3430 ιβ.
357 3332 425 3407 Sed
451 3331 545 3406 istius
568 3336 748 3406 canticum
769 3345 877 3404 canet
895 3333 993 3424 quis,
1022 3353 1109 3408 cum·

143 3455 189 3506 rm
204 3434 372 3506 liberatus
387 3431 496 3506 fuerit
507 3455 527 3506 a
539 3432 715 3505 servitute
725 3429 995 3528 AEgyptiorum.
1020 3431 1107 3508 Post

143 3549 282 3613 tutem,
316 3554 397 3606 cum
419 3533 595 3607 transierit
614 3552 679 3624 per
702 3532 942 3613 haecomnia,
970 3551 1048 3623 quae
1067 3530 1107 3608 in

147 3655 196 3726 o,
223 3631 257 3704 dc
279 3653 357 3724 quae
378 3634 415 3704 in
436 3631 605 3705 Levitico
632 3631 762 3722 scripta
783 3630 882 3721 sunt,
908 3631 1108 3706 &venerit

149 3755 193 3825 c,
219 3733 316 3806 utin
338 3732 484 3806 divinos
501 3751 672 3806 numeros
688 3730 902 3820 assumatur,
930 3745 1018 3806 tunc
1042 3733 1111 3806 ite·
1179 3819 1183 3834 Ι

143 3833 325 3908 'ecundum
344 3832 524 3906 canticum
539 3847 667 3922 canet,
695 3852 776 3904 cum
799 3831 929 3903 exierit
945 3831 989 3905 de
1012 3832 1108 3905 valle

144 3935 194 4025 b,
221 3934 322 4023 quod
344 3933 602 4027 interpretatur
625 3932 739 4004 aliena
763 3928 966 4024 descendo,
992 3930 1026 4004 dt
1048 3951 1111 4004 ve·

151 4035 196 4106 ad
214 4047 388 4127 puteum,
421 4032 562 4125 dequo
584 4029 839 4124 scriptumest:
868 4032 915 4103 Er
934 4033 1021 4102 dixit
1043 4033 1110 4101 De
1132 4051 1135 4057 ·

144 4137 203 4206 'ud
226 4135 370 4224 Mosen:
399 4134 553 4225 congrega
572 4132 744 4228 populum,
771 4128 810 4205 (5
834 4132 910 4201 dabo
936 4139 980 4200 eis
997 4153 1110 4226 aquam

144 4252 186 4310 no
205 4235 320 4312 dibre.
373 4229 429 4308 lbi
452 4235 552 4310 enim·
573 4232 754 4327 cantabit,
780 4229 943 4306 dedicet:
971 4232 1111 4306 luerim

1032 4355 1061 4403 u
