2734 4859
185 489 235 586 4⁸
296 397 535 570 omornis
560 476 618 572 nr
638 473 1150 574 ,truncum-cauma

186 639 294 726 &ilie
310 641 422 720 factus
434 641 486 718 est
499 640 646 717 stultitia
665 639 928 738 predicationis
975 639 1164 720 utiatuum
1176 644 1224 722 Di

185 744 376 839 sapientius
394 739 499 818 ficret
520 735 737 816 hominibus.
783 739 871 818 ¹Nos
885 693 1039 836 intimi,
1065 739 1224 824 infirmat

183 841 257 920 Dei
279 844 409 918 fortius
430 843 637 918 hominibus
658 840 787 915 fastum
811 838 872 916 est.
924 843 1020 942 Quia
1041 845 1150 940 igitur
1170 869 1224 922 un

185 944 297 1020 versae
314 961 421 1038 gerrici
444 961 483 1018 ut
496 943 581 1040 lilia
596 941 718 1037 fitilla,
744 937 783 1016 (5
803 956 841 1010 ul
858 959 1044 1014 momentum
1054 943 1182 1041 stalera
1203 969 1224 1018 n

181 1043 412 1144 puraraesunr:
437 1044 574 1116 idcirco
586 1033 698 1117 raaia
713 1037 762 1112 est
775 1035 884 1132 stilla,
909 1055 951 1113 ut
965 1061 1030 1138 per
1048 1063 1129 1132 eum
1145 1067 1167 1118 a
1187 1069 1224 1124 vr

183 1145 356 1228 stimantis
378 1144 505 1226 nostris
524 1143 619 1217 odor
638 1143 736 1216 stille
755 1139 994 1235 procederet,
1015 1141 1119 1236 juxta
1138 1145 1224 1222 illud

184 1246 352 1340 Murrlm
383 1249 423 1322 δ
433 1246 538 1338 stila,
572 1249 611 1320 U
630 1244 706 1334 talia
726 1270 745 1314 a
767 1245 958 1342 vestimentis
983 1249 1075 1330 luis,
1101 1246 1224 1322 adom

184 1345 240 1418 bus
256 1345 495 1442 elephanti-msa
521 1347 680 1440 expulsam
697 1345 944 1430 sarificaverunt
957 1359 989 1414 le
996 1341 1224 1438 filiaeregurr'rc'

183 1447 300 1518 honore
313 1462 386 1516 ruo.-
414 1465 494 1538 quae·
505 1443 544 1519 in
559 1467 660 1520 xrrvr
677 1441 811 1537 psalmo
831 1447 997 1518 dicuntur
1010 1443 1053 1518 ad
1069 1439 1224 1538 sponsari

185 1545 365 1634 Fasciculus
384 1547 472 1639 fiilia
491 1546 664 1636 fratruelis
687 1571 770 1614 meur
791 1547 898 1638 misti..
946 1542 1223 1630 confideremus,

182 1647 267 1739 quid
287 1645 348 1718 srbi
369 1645 547 1720 fratruelis
564 1645 711 1720 nomine
726 1644 815 1717 velit
833 1641 999 1738 ecclesia,
1026 1665 1103 1738 quae
1118 1645 1224 1722 hicio

181 1749 301 1839 quitur
322 1747 366 1819 dc
385 1745 563 1818 fratruele.
616 1743 700 1818 Nos
718 1742 898 1822 sumusex
909 1745 1073 1842 gentibus
1089 1765 1224 1844 congru

181 1847 276 1944 gaci:
301 1844 469 1918 Salvator
493 1845 615 1919 noster
636 1841 771 1918 sororis
793 1845 867 1938 ejus
893 1837 1084 1934 ciiiilius,
1111 1843 1148 1918 id
1173 1837 1224 1920 eil

181 1942 386 2042 synagogae:
415 1947 491 2017 dure
510 1950 641 2036 quippo
659 1943 801 2017 sorores
817 1941 919 2036 sunt,
946 1937 1152 2016 Ecclesia&
1173 1943 1224 2038 Sy

179 2067 330 2141 nagoga.
380 2041 550 2117 Salvator
567 2063 681 2138 ergo,
708 2058 748 2114 ut
770 2043 949 2136 diximus,
976 2037 1068 2138 filius
1092 2039 1224 2142 synago

180 2165 233 2240 gae
251 2143 410 2236 sororis,
438 2144 494 2214 vir
518 2145 694 2234 ecclesiae,
720 2139 865 2236 sponsus
888 2137 1063 2224 ecclesiae,
1091 2142 1224 2236 statrue

83 2297 93 2316 -.
177 2245 223 2320 lis
240 2241 290 2318 est
306 2241 440 2334 spousae
462 2241 541 2317 suae.
600 2244 777 2320 Fasciculus
785 2243 875 2340 flr'llae
891 2239 1064 2334 fratruelis
1083 2249 1224 2320 mettsrur¹

76 2377 78 2382 ·
178 2345 243 2415 lii:
280 2349 318 2413 in
345 2349 440 2418 melio
469 2346 593 2413 uberum
621 2343 1025 2416 meorum-commorabitur.
1078 2341 1171 2438 Quis
1193 2347 1223 2418 it

176 2443 331 2535 beatus,
357 2461 398 2512 ut
423 2444 552 2514 babeat
570 2440 745 2535 hospitem
765 2442 799 2513 in
821 2443 1005 2534 principali
1030 2441 1177 2532 cordis,
1204 2443 1224 2516 ir

176 2543 299 2618 medio
320 2543 493 2632 ubemur,
521 2547 555 2614 in
571 2541 719 2634 peiiore
734 2539 797 2613 suo
811 2541 1008 2615 sermonem
1024 2540 1122 2614 Dei?
1148 2539 1224 2616 Tal·

178 2639 231 2716 cst
258 2641 414 2734 quippe,
449 2643 548 2724 ouod
573 2643 734 2716 canitur:
771 2646 811 2712 ln
834 2645 930 2712 melio
953 2641 1080 2722 uberum
1103 2665 1224 2714 murrii

177 2743 428 2815 commorairtur.
490 2747 528 2812 Si
552 2768 618 2810 nou
644 2745 772 2828 {tuerint
788 2739 906 2836 fraisai
926 2766 1062 2812 mornrnae
1086 2758 1167 2812 luae:
1203 2743 1224 2818 il

174 2841 296 2920 medio
322 2861 442 2914 eurum
466 2841 642 2914 habitabit
660 2840 775 2914 sermo
800 2841 954 2914 divinus.
1014 2839 1182 2916 Docebat
1204 2843 1224 2918 ii

76 2948 77 2959 ’
177 2944 332 3016 carmine
350 2941 678 3034 nuptialirmammas
697 2939 821 3033 potius
838 2940 1031 3035 appellari,
1058 2933 1224 3036 quam'pe

176 3039 263 3116 iius.
316 3039 363 3112 lit
378 3038 601 3134 perspicuum
619 3039 690 3126 est,
718 3060 781 3111 cur
802 3040 844 3112 ad
861 3038 1123 3133 expositionem
1139 3041 1217 3132 ejus

176 3141 237 3234 qui
251 3141 354 3213 dicit:
385 3145 423 3212 ln
439 3143 534 3211 medio
552 3144 678 3209 uberum
692 3165 824 3210 meorum
836 3139 1098 3212 commorabitur:
1124 3138 1168 3213 srt
1192 3141 1224 3216 ai

175 3241 376 3334 sumptum,
396 3241 423 3342 fi
443 3239 657 3330 consuerint
672 3237 790 3334 fraisi«
812 3264 949 3310 mamma
972 3261 1057 3328 rua,
1084 3240 1128 3312 de
1146 3237 1224 3316 Eze

175 3340 304 3414 chiele.
354 3340 395 3412 ln
410 3361 457 3413 eo
475 3342 607 3432 quippe
621 3341 723 3430 loco,
740 3339 801 3412 ubi
824 3338 1039 3414 Hierusalem
1057 3338 1224 3414 dominio

175 3439 371 3532 corripitur
385 3459 505 3533 voce,
531 3439 625 3520 inter
644 3453 773 3512 caetera
792 3437 920 3510 dicitur
934 3440 976 3512 ad
993 3461 1086 3513 eam:
1116 3441 1157 3511 ln
1169 3439 1224 3512 AE

171 3558 263 3637 gypro
271 3535 389 3634 froila
396 3539 622 3628 sunrmammae
634 3555 705 3617 tuae.
734 3535 913 3612 Castarum
924 3539 1034 3612 ubera
1050 3559 1126 3613 non
1144 3537 1224 3616 stan

173 3653 326 3738 guntur:
352 3635 411 3712 sed
433 3639 661 3713 meretricum
680 3640 792 3711 ubera
809 3638 897 3711 laxis
918 3639 1070 3732 pellibus
1088 3641 1223 3736 irrigata

175 3753 246 3813 tur.
304 3735 516 3814 Pudicarum
539 3736 656 3812 aretia
676 3736 756 3811 sunt
775 3738 910 3830 ubera,
937 3737 970 3810 ἃ
991 3727 1156 3834 virginali
1174 3757 1222 3814 ro

172 3840 266 3914 bore
282 3842 465 3915 tumentia.
516 3835 717 3935 Suscipiunt
734 3836 933 3911 sermonem
958 3835 1097 3931 sponsi,
1125 3837 1161 3909 u
1185 3837 1224 3914 di

174 3951 287 4013 cunt:
322 3942 364 4013 ln
388 3937 632 4010 miliariorum
653 3963 789 4009 meorum
816 3937 1063 4008 romrnorabirur.
1113 3939 1224 4010 Borru.

172 4037 442 4136 cyprifrarruelir
458 4063 542 4110 meus
556 4037 649 4109 milri.
699 4035 842 4112 initium
858 4031 909 4110 est
919 4033 1094 4110 sermonis¹
1104 4037 1141 4109 in
1155 4056 1224 4134 ger·

172 4141 285 4230 minet
311 4139 507 4220 &initium
522 4137 648 4239 cypri,
670 4137 709 4214 id
727 4135 801 4234 cst,
826 4133 1020 4214 floritionis
1034 4136 1072 4212 in
1089 4139 1224 4314 verbtda.

459 4309 462 4314 .
1041 4277 1044 4284 ¹
1134 4257 1185 4314 un
1212 4253 1224 4314 1
