2734 4859
636 643 1634 790 z·..;110M'1L1A
1729 635 1916 788 XX..
2035 685 2166 756 ⁵·
2319 730 2461 806 7²5

314 869 497 960 mini
556 887 703 970 ego
738 866 1129 956 confidens
1166 869 1402 952 dicam
1441 866 1586 948 ess'e
1627 867 1998 950 ccclefitm
2035 868 2236 968 ejus,
2285 867 2358 946 a:
2381 873 2458 949 in

316 972 461 1046 isto
490 971 869 1063 thesauro,
922 973 995 1046 id
1020 972 1189 1066 ests
1218 969 1515 1048 ecclessa
1535 971 1738 1070 [προ
1773 969 2106 1047 homines
2141 971 2464 1067 latitare,-

316 1076 447 1164 qui
497 1071 659 1146 sunt
713 1071 874 1146 vasa
923 1073 1065 1148 irae.
1180 1073 1458 1174 Veniet
1505 1072 1723 1171 igitur
1775 1086 2106 1166 tempus,
2161 1073 2450 1166 quando

319 1173 598 1263 aperiat
620 1170 979 1248 Domin'us
1008 1169 1408 1250 thesaurum
1437 1172 1788 1248 ecclefiae:
1831 1191 2027 1248 nunc
2051 1176 2242 1246 enim
2263 1174 2455 1250 clau-

316 1268 521 1352 sa,est
550 1271 886 1364 ecclesia,
938 1272 1007 1347 &
1031 1271 1193 1347 vasa
1229 1275 1351 1346 irae
1382 1293 1546 1350 cum
1587 1270 1774 1352 vasis
1812 1270 2312 1347 misericordiae
2345 1275 2453 1347 in-

314 1370 690 1465 habitant,
742 1371 811 1444 &
846 1374 1065 1466 paleae
1103 1394 1265 1448 cum
1288 1373 1658 1448 frumento
1692 1371 1894 1464 sunt,
1948 1371 2016 1445 δι
2041 1369 2451 1468 piscesper-

314 1470 531 1544 dendi
562 1492 648 1544 ac
678 1471 1151 1565 prpjiciendi,
1204 1494 1365 1549 cum
1409 1472 1622 1548 bonis
1657 1469 2012 1569 piscibus,
2065 1473 2184 1564 qui
2223 1474 2296 1546 in
2337 1494 2448 1547 re-

306 1571 418 1643 tia
456 1571 907 1654 inciderunt,
975 1570 1469 1648 continentur.
1587 1575 1827 1674 Quam
1875 1590 2036 1646 cum
2085 1577 2450 1665 aperuerit

305 1668 560 1761 judicii
607 1684 940 1765 tempore
969 1720 994 1754 ,
1058 1667 1127 1748 ἐι
1158 1674 1548 1766 protulerit
1589 1671 1852 1746 exinde
1904 1669 2068 1745 vasa
2107 1672 2229 1744 irae
2265 1671 2441 1766 suae,

311 1769 514 1842 dicet
556 1768 849 1846 forsstan
889 1774 949 1846 is
984 1821 1029 1856 ,.
1060 1775 1181 1866 qui
1219 1774 1321 1848 est
1368 1795 1496 1846 vas
1530 1771 2071 1865 misericordiae,
2121 1771 2211 1845 de
2247 1792 2448 1869 egre·

310 1868 676 1944 dientibus
706 1869 887 1946 vafis
924 1873 1047 1948 irae
1083 1872 1260 1947 suae:
1341 1875 1668 1946 Exierunt
1711 1894 1792 1945 ex
1828 1873 2044 1956 nobis,
2092 1897 2228 1944 nm
2272 1875 2442 1944 enim

308 1985 506 2042 erant
542 1996 622 2042 ex
660 1971 887 2048 mbas..
956 1977 1038 2046 Si
1084 1970 1549 2068 enimfmffint
1590 1999 1671 2044 ex
1700 1971 1918 2069 nobis,
1964 1972 2440 2071 permanfiffint

308 2076 527 2168 utique
566 2071 903 2145 nobiscum.
1006 2075 1129 2146 Sed
1160 2076 1289 2146 ideo
1332 2069 1542 2170 egrff
1565 2072 1726 2167 sunt
1763 2099 1806 2145 a
1843 2075 2024 2144 nobis
2055 2123 2078 2158 ,
2119 2092 2209 2156 „ut
2241 2074 2439 2170 oflen-

308 2172 564 2242 deretur
592 2223 611 2254 ,
663 2179 815 2269 quia
848 2197 981 2242 mm
1018 2189 1207 2244 erant
1238 2197 1448 2245 omnes
1481 2173 1788 2256 eximbt's.
1890 2171 1976 2247 In
2013 2172 2201 2246 aliud
2239 2173 2439 2265 quid-

307 2269 471 2345 dam
510 2273 712 2366 cupit
750 2271 978 2346 sermo
1012 2293 1520 2367 prorumpere:
1575 2271 1774 2366 quod
1818 2287 2056 2348 autem
2091 2272 2435 2348 audemus

304 2370 590 2448 dicere,
638 2369 1031 2447 istiusmodi
1066 2373 1189 2451 est.
1250 2369 1694 2448 In-thesauro
1711 2371 1864 2448 -Dei
1887 2369 2052 2447 vasa
2078 2375 2199 2445 irae
2229 2370 2433 2462 su'nt3

301 2484 513 2543 extra
563 2469 966 2547 thesaurum
1010 2473 1174 2548 vasa
1222 2475 1598 2568 peccantia
1647 2493 1804 2546 non
1845 2469 2004 2546 sunt
2048 2473 2213 2546 vasa
2254 2473 2374 2545 irae
2401 2525 2429 2568 ‚

301 2567 422 2644 sed
464 2569 644 2645 vafis
678 2572 800 2646 irae
840 2575 1123 2652 minora
1158 2572 1339 2650 sunt.
1442 2572 1650 2647 Servi
1683 2575 1875 2648 enim
1909 2568 2067 2646 sunt
2095 2574 2433 2670 ignoran-

300 2681 414 2742 tes
453 2674 912 2750 voluntatem
945 2672 1245 2750 Domini
1282 2672 1382 2747 sui
1405 2727 1433 2766 ‚
1485 2674 1552 2747 δι
1591 2694 1743 2748 non
1780 2673 2126 2748 facientes
2169 2673 2435 2748 voiun-

302 2781 528 2844 tatem
564 2772 739 2864 ejus,
811 2773 955 2871 Qui
986 2783 1221 2849 autem
1250 2774 1649 2872 ingreditur
1681 2771 2092 2864 ecclesiam,
2149 2785 2276 2846 aut
2300 2794 2430 2846 vas

298 2868 424 2942 irae
447 2921 473 2962 ,
527 2884 651 2944 aut
679 2893 806 2945 vas
846 2869 1373 2947 misericordiae.
1478 2874 1625 2974 Qui
1659 2884 1866 2944 extra
1889 2873 2263 2946 ecclefiam
2297 2872 2430 2964 est,

298 2990 539 3062 neque
571 2992 702 3044 vas
731 2969 1230 3046 misericordiae
1252 2971 1392 3054 est,
1444 2991 1681 3062 neque
1707 2972 1850 3046 irae.
1949 2970 2174 3045 Aliud
2201 2972 2430 3062 quod-

301 3068 465 3144 dam
494 3089 761 3146 nomen
807 3072 1141 3165 inquir0‚
1212 3072 1330 3164 qui
1364 3085 1572 3144 extra
1611 3069 1974 3143 ecclesiam
2027 3091 2429 3145 commora-

296 3183 456 3242 tur:
511 3169 579 3242 &
604 3172 979 3262 quomodo
1012 3171 1329 3246 decerno
1362 3167 1739 3244 confidens
1765 3189 1917 3242 non
1939 3168 2080 3243 ess‘e
2103 3190 2267 3243 eum
2299 3191 2427 3245 vas

292 3267 856 3368 misericordiae,
920 3269 1014 3346 s1c
1066 3294 1106 3346 e
1159 3273 1532 3345 contrario
1585 3291 1676 3343 ex
1751 3269 2050 3343 rationis
2115 3271 2432 3344 veritate

296 3369 783 3442 communitus
813 3387 1061 3464 aperte
1094 3391 1354 3464 promo
1390 3369 1846 3461 sententiam,
1883 3387 2122 3459 neque
2150 3391 2280 3442 vas
2303 3372 2427 3444 irae

291 3465 498 3566 posse
533 3470 913 3563 cumdici,
965 3468 1082 3544 sed
1123 3491 1251 3544 vas
1277 3467 1351 3544 in
1380 3470 1565 3543 aliud
1595 3467 1924 3561 quiddam
1956 3468 2420 3546 reservatum.
2527 3537 2544 3554 ,

292 3568 594 3666 Ergone
640 3584 908 3664 potero
959 3570 1050 3644 de
1108 3567 1470 3665 scripturis
1526 3571 1931 3663 approbare
1982 3591 2120 3642 nec
2163 3566 2428 3644 miseri·

295 3669 563 3743 cordiae
598 3690 759 3745 eum
789 3668 929 3744 esse
971 3691 1099 3744 vas
1122 3724 1148 3761 ‚
1200 3691 1339 3744 nec
1371 3672 1540 3741 irae:
1597 3683 1682 3740 ut
1715 3668 1782 3740 &
1814 3667 2117 3742 secunda
2143 3669 2419 3762 expofie

293 3768 408 3841 tio
448 3768 711 3861 aliquid
754 3771 967 3843 no'bis
1011 3772 1186 3844 utile
1230 3771 1302 3842 in
1352 3765 1674 3863 praesenti
1728 3769 1903 3840 loco
1960 3770 2415 3864 interponat,

298 3869 369 3939 δι
402 3864 565 3942 sane
593 3867 830 3958 rursus
872 3870 1133 3944 audeat
1166 3872 1240 3944 in
1281 3869 1397 3962 id,
1445 3866 1642 3960 quod
1663 3866 2077 3960 jamdudum
2107 3885 2416 3943 conatur

292 3964 532 4042 sermo
583 3989 1054 4066 prorumpere
1081 3969 1119 4045 ‘s'
1193 3967 1327 4044 Ait
1362 3963 1761 4064 Apostolus
1797 3991 1815 4041 :
1887 3971 1970 4040 ln
1998 3971 2167 4041 domo
2206 3988 2419 4041 autem

294 4091 525 4159 magna
557 4092 689 4142 non
704 4072 867 4160 sum
888 4087 1153 4144 tantum
1186 4070 1340 4159 vasa
1368 4092 1562 4141 aurea
1594 4067 1672 4144 ὅ
1703 4084 2037 4164 argentea,
2074 4069 2184 4160 sed
2214 4068 2293 4146 θ
2333 4073 2416 4141 li-

288 4192 489 4263 gnea,
538 4167 619 4243 Θ·
638 4169 931 4264 flevilia,
994 4171 1130 4242 alia
1165 4173 1412 4270 quidem
1447 4174 1523 4240 in
1550 4170 1844 4240 honorem
1875 4223 1902 4263 ‚
1952 4172 2085 4241 alia
2110 4188 2301 4265 porro
2341 4177 2417 4241 in

294 4269 762 4347 contumetiam.
866 4273 957 4366 Si·
987 4275 1191 4367 igitur
1268 4276 1373 4341 uis
1407 4269 1821 4344 mundaverit
1847 4270 1920 4358 ſs
1948 4270 2146 4366 ipsum
2178 4269 2254 4341 ab
2283 4275 2414 4359 his,

291 4377 424 4447 erit
458 4393 580 4443 vas
611 4374 687 4444 in
715 4373 1058 4468 morem,
1102 4370 1185 4456 U
1205 4297 1682 4552 jarififficatnm
1707 4415 1732 4464 ‚
1780 4366 1938 4450 utile
1979 4373 2289 4454 Domirw,
2336 4372 2422 4443 ad

1380 4489 1428 4544 Ζ
1479 4490 1524 4568 3
2067 4561 2072 4566 .
2174 4489 2374 4538 §muz
2421 4517 2436 4524 -
