2734 4859
434 623 897 713 nostruin-v,
1040 623 1042 628 ’
1114 629 1189 724 403

131 801 345 892 argentum,
386 807 429 867 ut
451 797 835 892 amatorespecuniae,
867 811 952 869 non
981 789 1186 888 avaritiam,

134 916 216 987 quae
232 895 272 990 esi
289 895 438 964 idolorum
454 900 619 988 seruitus:
644 897 776 990 Neque
798 895 890 971 aliud
910 893 1098 988 quidquam
1114 891 1186 987 pru
1248 959 1250 964 .

132 993 221 1068 Deo
242 996 438 1088 babemus,
470 998 508 1068 in
527 997 745 1090 deorumque
766 1014 917 1071 numero
940 994 1185 1086 collocamus,

132 1092 226 1165 iicut
246 1093 386 1184 plurimi
407 1094 531 1170 ¹facere
559 1093 842 1185 consueverunt,
860 1093 936 1188 ,sed
959 1093 1088 1186 nobis,
1124 1090 1187 1183 qui

136 1189 241 1284 super
261 1211 413 1283 omnes,
446 1196 504 1285 qui
527 1216 590 1288 per
606 1197 754 1290 omnia,
785 1195 844 1286 qui
868 1194 905 1266 in
922 1192 1087 1267 omnibus
1111 1190 1184 1284 est,

132 1288 236 1384 Deus
252 1289 323 1382 est,
338 1290 372 1362 u
385 1286 574 1387 chaiitate,
602 1316 679 1386 quae
695 1295 745 1368 est
758 1294 801 1366 ad
810 1293 948 1385 Deum,
965 1290 1183 1386 pendemus3

134 1388 287 1462 charitas
314 1392 408 1461 enirn
433 1412 501 1466 nos
530 1415 610 1468 cum
626 1393 710 1468 Deo
730 1392 978 1490 conglutinat:
1003 1388 1185 1464 Dicimur

135 1489 218 1562 Ecce
232 1511 288 1558 nas
303 1497 354 1558 tui
367 1495 499 1586 erimus,
521 1500 669 1590 quoniam
683 1509 721 1566 tu
740 1496 894 1564 Dominus
912 1495 999 1562 Deus
1012 1487 1124 1585 noster.
1226 1531 1228 1536 ,

139 1637 145 1644 -
196 1607 244 1679 ¹3.
269 1585 450 1684 Deinceps
467 1611 629 1670 cumnos
645 1591 805 1684 priorum
826 1591 1000 1666 malorum
1012 1586 1185 1682 poenitue·

133 1686 203 1778 rit,
230 1687 372 1776 quando
388 1687 671 1785 &magnitudine
684 1690 926 1765 &excelfitate
940 1685 1197 1784 pollereidola.

136 1785 397 1878 opinabamur,
423 1807 465 1858 ea
489 1797 769 1876 venerabamur,
795 1790 828 1862 ἀ
854 1809 931 1880 quae
957 1786 1186 1878 colebamus,

135 1883 337 1956 admiranda
356 1886 585 1980 putabamus,
611 1896 708 1962 nunc
726 1909 817 1962 vero
837 1888 870 1961 dt
888 1886 1003 1959 futilia
1017 1883 1119 1957 fuiffe
1134 1894 1187 1956 at·

137 2002 209 2076 que
234 1980 350 2054 inania
369 1981 645 2080 eognovimus,
687 1999 984 2076 revertentesque
1017 1982 1184 2057 dicimus:

138 2086 226 2155 'Vere
241 2087 279 2150 in
290 2085 487 2154 'mendacium
502 2103 595 2158 erant
610 2088 711 2174 coiis,
735 2085 770 2158 dt
788 2106 856 2160 nos
871 2081 1070 2177 reprobatis
1089 2081 1187 2175 prio·

136 2181 236 2254 ribus
248 2178 316 2252 illis
331 2183 475 2255 excelsis
493 2185 525 2255 dt
541 2185 820 2277 admirabilibus,
844 2185 984 2259 sretiam
997 2181 1186 2278 diligenter

135 2279 372 2372 inquiramus,
398 2281 545 2355 fortaffe'
563 2305 717 2378 eorum,
741 2305 818 2377 quae
840 2284 876 2355 in
900 2282 1063 2378 gentibus
1082 2277 1184 2372 sunt,

136 2379 283 2450 collium
305 2381 550 2472 montiumque
566 2383 798 2457 differentiam
813 2383 1040 2476 reperiemus.
1092 2381 1184 2477 Quae

138 2478 337 2550 deserentes
353 2479 400 2573 ii,
426 2484 485 2572 qui
503 2483 691 2555 dixerunt:
719 2484 795 2554 Ecce
811 2507 866 2551 nos
878 2482 966 2568 servi
982 2485 1097 2551 erimus
1113 2481 1184 2567 tui,

137 2580 287 2676 quonism
302 2593 338 2647 tu
355 2582 509 2650 Dominus
525 2582 784 2679 Bruttedius,
808 2594 852 2654 ut
866 2578 1046 2653 mendacia
1059 2596 1185 2670 repro·

137 2679 252 2768 bant,
272 2692 346 2749 tum
360 2680 497 2772 cullei,
523 2693 598 2754 turn
609 2696 763 2755 montes.
814 2673 984 2852 (putenam
1001 2678 1107 2772 igitur
1120 2672 1187 2747 dif-

137 2776 455 2872 ferentia'eorum‚
482 2801 558 2870 quae
584 2782 619 2852 in
642 2781 805 2875 gentibus
842 2791 927 2872 unt,
950 2775 1125 2850 montium
1147 2770 1183 2844 dt

139 2877 306 2965 collium,
333 2876 458 2968 quibus
469 2878 638 2952 damnatis
650 2880 813 2952 dicimus:
846 2880 926 2949 Vm
942 2880 979 2946 in
994 2873 1185 2947 mendacium

139 2991 233 3046 eram
245 2977 328 3044 cotes
346 2975 555 3067 &fortitudo
569 2974 757 3053 monrium?
782 2976 867 3048 Hoc
883 2975 1013 3070 quippe
1034 2971 1183 3043 dicimus

139 3075 319 3169 prioribus
336 3075 487 3165 abJ'eitis.
534 3080 628 3177 Quae
649 3077 849 3172 agentibus
871 3074 1084 3163 adorantur,
1106 3087 1186 3162 par·

139 3172 206 3244 tim
226 3187 392 3262 tanquam
410 3176 456 3245 dii
475 3176 692 3267 adorantur,
717 3173 843 3268 partim
862 3187 904 3244 ut
924 3173 1079 3244 heroes:
1103 3187 1187 3242 nam

141 3271 178 3344 dt
193 3270 254 3363 ipfi
273 3270 316 3342 de
338 3273 544 3363 quibuidam
559 3274 720 3347 fatentur
737 3294 822 3362 eos,
849 3290 926 3342 cunr
941 3271 1037 3364 prius
1053 3281 1188 3342 morta·

139 3372 194 3444 les
211 3369 372 3463 initient,
398 3374 434 3445 in
449 3374 597 3464 deorum
607 3392 791 3447 numerum
806 3368 904 3444 iuiffe
917 3370 1061 3442 relatos.
1093 3364 1188 3439 Her·
1206 3423 1208 3428 ,

141 3472 259 3542 culem
277 3472 450 3564 adorant,
483 3483 558 3545 no‘n
571 3487 612 3546 ut
631 3487 757 3545 natura
777 3469 915 3560 Deum,
941 3465 999 3540 sed
1017 3483 1058 3538 ut
1072 3479 1187 3540 muta·

140 3583 218 3641 tum
238 3589 283 3640 ex
304 3571 448 3644 bomine
468 3574 504 3644 in
528 3573 673 3658 Deum3
705 3569 942 3661 AEicuiapium
965 3565 1092 3637 colunt
1109 3575 1189 3636 tarr·

143 3687 248 3759 quam
265 3670 307 3740 ab
321 3670 471 3743 humana
487 3671 530 3743 ad
552 3672 706 3744 divinam
724 3669 930 3764 dignitatern
949 3678 1099 3760 propter
1113 3662 1190 3734 vir-¹

139 3781 257 3839 tutem
281 3768 454 3842 evetium.
513 3770 670 3863 Quando
694 3783 812 3840 autem
834 3767 964 3840 h'orum
992 3767 1110 3855 patr'es
1140 3760 1185 3833 ab

142 3865 221 3963 ipsrs
237 3884 461 3960 nuncupatos
473 3867 561 3942 deos
575 3868 745 3958 adorant,
770 3886 846 3939 non
859 3864 913 3937 uti
925 3883 969 3938 ex
981 3860 1185 3935 horninibus

140 3968 180 4039 in
202 3965 349 4041 deorum
371 3987 556 4041 numerum
574 3966 766 4039 translatos
790 3976 1032 4052 venerantur,
1067 3957 1126 4032 sed
1145 3967 1188 4029 ut

141 4068 194 4139 iili
212 4067 351 4156 quidem
370 4067 583 4158 existimant,
610 4063 819 4159 aprincipio
840 4061 940 4136 deos.
988 4054 1105 4131 Erunt
1120 4056 1187 4127 ita·

144 4189 241 4261 que,
276 4167 334 4257 qui
351 4168 515 4262 gentibus
534 4169 577 4238 ab
597 4164 701 4237 initio
720 4162 769 4235 dii
788 4163 984 4252 habentur,
1009 4171 1127 4227 mres
1142 4152 1187 4228 'dr
1206 4245 1211 4261 ἢ

137 4268 299 4365 fortitudo
312 4271 484 4354 monrium
510 4267 569 4357 qui
590 4281 789 4435 segonum
806 4260 849 4336 ab
867 4258 944 4358 ipfis
964 4253 1033 4332 effe
1045 4253 1189 4427 qtggm

677 4382 698 4436 c
724 4381 745 4459 3
1138 4401 1163 4443 s
