2734 4859
207 525 298 688 17'a¹
325 491 574 638 omanus
598 551 657 634 ue
679 493 1205 690 cummendare}
1241 483 1244 488 ⁵

204 717 388 798 initianda
403 717 505 813 sunt,
528 731 572 792 ut
585 714 729 822 gustum,
743 715 1012 810 quodammodo
1029 715 1269 794 defiderandae

205 819 405 910 dulcedinis
425 818 582 914 sumant,
615 839 686 910 ne,
711 830 754 890 ut
770 817 942 908 diximus,
967 815 1150 920 {inemori
1163 820 1269 916 igno·

91 941 94 948 ’
204 933 327 1007 retur,
361 937 430 992 nec
454 917 605 992 omnino
631 914 889 992 desideretur·-
911 917 1051 992 Veruni
1072 915 1171 1010 qubd
1186 935 1267 1012 par·

126 1067 129 1072 -
205 1019 330 1094 vulam
343 1017 569 1094 nominamus
588 1016 757 1098 animam,
781 1035 891 1092 nemo
906 1017 956 1092 ita
973 1017 1145 1114 acdpiat,
1166 1017 1268 1110 ouafi

85 1207 88 1212 ,
205 1116 400 1195 secundum
420 1113 646 1212 substantiam
667 1113 817 1212 parvula
834 1115 991 1190 dicatur:
1016 1113 1115 1192 secu
1131 1117 1190 1191 cui
1204 1113 1269 1192 ‘ae-

205 1216 259 1298 est
274 1216 455 1312 eruditio,
487 1212 524 1288 u
542 1215 579 1288 in
598 1235 668 1307 qua
687 1211 742 1288 cst
754 1213 903 1310 exiguus
920 1213 1120 1290 intellectus
1143 1233 1185 1304 ac
1202 1217 1268 1294 mi·

94 1325 97 1330 ’
181 1317 303 1394 ,nima
340 1311 457 1408 druia,
479 1312 766 1408 hancparvulam
782 1311 930 1392 dicimus
939 1313 1100 1398 animam
1123 1345 1127 1360 ·
1151 1309 1267 1414 intur

203 1415 284 1494 haec
304 1337 384 1490 Keri
408 1414 604 1504 convenit,
628 1409 780 1511 usqueque
793 1413 952 1512 rexfirin
970 1409 1203 1510 radicesue,
1228 1413 1267 1498 id

187 1513 280 1612 -est,
302 1512 488 1608 usquequo
504 1513 542 1588 in
557 1511 594 1587 id
606 1508 775 1605 proficiat
787 1510 990 1607 hujumodi
1003 1515 1131 1609 mima,
1156 1529 1267 1618 utca-

202 1615 281 1714 piat
296 1634 433 1712 regem,
457 1611 637 1688 &habeat
648 1612 918 1688 recumbentem
932 1613 968 1687 in
980 1611 1189 1710 semetipsa·
1205 1613 1267 1688 Sic

85 1767 90 1772 -
205 1716 303 1789 enim
320 1713 409 1798 dicit
428 1713 488 1788 bic
503 1729 590 1808 rex,
616 1711 699 1805 quia
711 1709 858 1785 habitabo
874 1715 912 1784 in
927 1719 985 1802 eis,
1009 1710 1049 1790 dr
1067 1713 1266 1796 inambulabo

203 1817 245 1886 in
262 1818 328 1907 eis,
353 1808 519 1906 proiecto
535 1811 596 1906 qui
616 1823 752 1886 unum
768 1812 884 1886 verbo
898 1809 970 1888 Dei
985 1813 1105 1904 cordia
1125 1812 1175 1888 sui
1188 1813 1267 1888 leti·

205 1913 367 1998 tudinem
381 1911 558 2006 praebent,
583 1922 625 1983 ut
638 1910 745 1986 edam
757 1909 795 1984 in
809 1910 860 1985 eis
876 1910 1103 1988 deambulare
1111 1911 1265 2007 dicatur,

202 2010 323 2107 spatiis
339 2007 711 2103 scilicetamplioribua
720 2003 977 2108 intelligentie,
1002 2011 1266 2109 agnitionisque

202 2110 407 2188 diffusioris.
453 2107 510 2184 Ita
522 2129 611 2206 ergo
627 2108 661 2183 dr
677 2110 851 2210 recubare
866 2109 1003 2188 dicitur¹
1014 2110 1052 2184 in
1069 2111 1184 2188 anima
1203 2111 1265 2186 illa

202 2211 277 2290 une
305 2208 438 2304 dubio,
476 2207 522 2282 de
544 2228 614 2300 qua
635 2204 709 2302 ipse
726 2204 908 2284 Dominae
925 2209 1012 2284 dicit
1027 2231 1093 2306 per
1108 2209 1267 2306 prophe·

78 2323 82 2332 '
205 2325 297 2386 tama
323 2313 426 2405 Super
441 2331 531 2406 quera
550 2305 746 2404 requiescere,
768 2309 831 2404 rrr'fi
840 2307 934 2403 firprr
953 2310 1103 2382 humilem
1121 2309 1161 2386 d
1176 2317 1265 2406 quie·

203 2425 297 2501 tum,
323 2406 361 2482 θ
376 2424 559 2479 trementem
569 2409 724 2496 sermones
737 2404 847 2483 mers?
872 2408 993 2484 Habet
1007 2430 1095 2506 ergo
1107 2430 1170 2483 rex
1183 2408 1263 2502 iste,

203 2511 264 2600 qui
284 2507 335 2580 est
348 2505 464 2580 sermo
486 2506 578 2600 Dei,
612 2507 730 2579 inilia
751 2509 884 2599 anima,
911 2525 988 2600 quae
1001 2510 1075 2602 jam
1088 2508 1131 2583 ad
1148 2508 1265 2602 perie-

104 2637 107 2645 ·
204 2605 300 2682 bium
325 2607 485 2699 venerit,
518 2605 720 2679 recubitum
742 2604 861 2679 suum:
894 2606 1056 2682 fitamen
1072 2629 1149 2682 non
1166 2609 1208 2682 fit
1224 2610 1264 2683 in

205 2728 249 2780 ea
267 2706 411 2798 aliquod
428 2705 569 2798 vitium,
595 2696 653 2778 sed
670 2706 775 2797 plena
797 2704 839 2779 fit
851 2703 1046 2799 sanctitate,
1072 2709 1178 2799 plena
1190 2708 1264 2800 pie·

202 2819 301 2898 tate,
326 2803 419 2896 fide,
446 2805 639 2894 charitate,
664 2825 775 2896 pace,
802 2806 1040 2896 omnibusque
1053 2807 1262 2884 virtutibus.

203 2903 314 2979 Tunc
331 2905 425 2979 einim
442 2902 593 2978 deiectat
611 2906 648 2975 in
666 2925 708 2975 ea
721 2907 892 2977 recubare
904 2924 1047 2999 regern,
1074 2905 1108 2978 δι
1126 2908 1262 2980 habere

200 3007 417 3079 recubitum.
466 3003 529 3078 Ad
541 3003 631 3075 hanc
651 3004 745 3074 enim
759 3004 906 3078 animam
917 3002 1093 3078 Dominus
1106 3004 1261 3099 dicebat,

204 3106 288 3196 quia
310 3104 421 3200 rga&
436 3121 530 3201 poter
550 3128 636 3173 meus
653 3107 832 3193 veniemus,
866 3102 905 3179 θ
926 3103 1109 3174 conabimur
1124 3130 1191 3173 cum
1207 3131 1262 3193 eo,

203 3204 245 3282 ὅ
258 3204 607 3300 merestonamfacr'cmrrr
617 3205 699 3296 opud
709 3227 788 3274 eum.
840 3200 914 3275 Ubi
928 3222 1016 3297 ergo
1030 3218 1147 3275 coenat
1161 3202 1263 3277 Chri·

200 3301 274 3377 stus
298 3317 521 3396 compatre,
561 3300 595 3373 &
615 3303 677 3375 ubi
696 3301 1033 3394 manfionem'facit,
1070 3301 1191 3394 quidni
1208 3325 1263 3377 re·

152 3441 156 3448 ·
202 3395 365 3475 cambit?
396 3404 507 3475 Beata
529 3402 621 3474 illius
638 3401 792 3474 latitudo
811 3404 952 3492 anima,
978 3405 1082 3476 beata
1101 3400 1206 3476 strata
1220 3405 1263 3474 il·

200 3501 269 3573 lius
289 3501 438 3594 mentis,
469 3501 529 3573 ubi
548 3513 650 3595 pater
669 3499 703 3571 δι
721 3498 836 3589 filius,
860 3514 994 3582 utnon
1016 3502 1164 3593 dubito,
1190 3523 1262 3576 una

147 3659 151 3666 .
201 3621 284 3673 cum
308 3600 442 3694 Spiritu
460 3597 577 3672 sundro
597 3599 795 3683 recumbit,
822 3614 961 3692 cmnat,
988 3599 1261 3677 &manfionem

200 3697 299 3812 facit.
351 3700 493 3870 (guibus
509 3712 613 3790 putas
626 3697 770 3811 opibus,
797 3701 925 3790 quibus
943 3700 1057 3793 copiis
1072 3699 1161 3774 tales
1173 3721 1261 3774 con·

197 3817 298 3972 iit
315 3795 1262 3991 iiiiii{babtizaritani’nitidi

112 4055 116 4062 .
198 3997 342 4087 lenitas,
370 3997 418 4090 u,
437 3996 536 4088 quod
554 3994 693 4069 summae
708 3997 739 4067 ei
751 3994 933 4069 stravitatis
945 3997 1009 4086 est,
1036 3999 1169 4090 puritas
1181 4019 1278 4102 cor·¹

197 4096 263 4171 dis.
316 4094 477 4170 Charitas
494 4112 612 4168 autern
629 4096 665 4168 in
675 4095 749 4170 hoc
761 4097 1181 4189 convivioprincipalem
1196 4099 1261 4170 ob-

196 4197 431 4272 tinetlocum.
483 4193 1259 4370 Teliergomodoetiamte‘rtiaexpositigne

1160 4319 1180 4371 a
