<?xml version="1.0" encoding="UTF-8"?>
<!DOCTYPE html PUBLIC "-//W3C//DTD XHTML 1.0 Transitional//EN"
    "http://www.w3.org/TR/xhtml1/DTD/xhtml1-transitional.dtd">
<html xmlns="http://www.w3.org/1999/xhtml" xml:lang="en" lang="en">
 <head>
  <title>
</title>
<meta http-equiv="Content-Type" content="text/html;charset=utf-8" />
  <meta name='ocr-system' content='tesseract 3.04.00' />
  <meta name='ocr-capabilities' content='ocr_page ocr_carea ocr_par ocr_line ocrx_word'/>
</head>
<body>
  <div class='ocr_page' id='page_1' title='image "./operaomniasanct06unkngoog_0773.png"; bbox 0 0 2734 4859; ppageno 0'>
   <div class='ocr_carea' id='block_1_1' title="bbox 278 136 2560 554">
    <p class='ocr_par' dir='ltr' id='par_1_1' title="bbox 278 136 2560 554">
     <span class='ocr_line' id='line_1_1' title="bbox 278 136 2560 554; baseline 0 4305"><span class='ocrx_word' id='word_1_1' title='bbox 278 136 2560 554; x_wconf 95' lang='lat' dir='ltr'> </span> 
     </span>
    </p>
   </div>
   <div class='ocr_carea' id='block_1_2' title="bbox 564 685 2466 810">
    <p class='ocr_par' dir='ltr' id='par_1_2' title="bbox 564 685 2466 810">
     <span class='ocr_line' id='line_1_2' title="bbox 564 685 2466 810; baseline -0.001 -43"><span class='ocrx_word' id='word_1_2' title='bbox 564 739 589 782; x_wconf 80' lang='grc'>.,</span> <span class='ocrx_word' id='word_1_3' title='bbox 704 685 1896 810; x_wconf 56' lang='lat' dir='ltr'>·:·HOM1‚1⁴1-.A·2-2.¹.‘X·</span> <span class='ocrx_word' id='word_1_4' title='bbox 2303 710 2466 788; x_wconf 79' lang='lat'>723</span> 
     </span>
    </p>
   </div>
   <div class='ocr_carea' id='block_1_3' title="bbox 292 848 2528 4344">
    <p class='ocr_par' dir='ltr' id='par_1_3' title="bbox 292 848 2528 4344">
     <span class='ocr_line' id='line_1_3' title="bbox 296 848 2471 952; baseline -0 -23"><span class='ocrx_word' id='word_1_5' title='bbox 296 849 429 952; x_wconf 54' lang='lat' dir='ltr'>‚Et</span> <span class='ocrx_word' id='word_1_6' title='bbox 472 849 623 928; x_wconf 87' lang='lat' dir='ltr'>hoc</span> <span class='ocrx_word' id='word_1_7' title='bbox 657 864 963 949; x_wconf 83' lang='lat' dir='ltr'><strong>oportet</strong></span> <span class='ocrx_word' id='word_1_8' title='bbox 1000 871 1133 950; x_wconf 86' lang='lat' dir='ltr'>per</span> <span class='ocrx_word' id='word_1_9' title='bbox 1164 852 1478 950; x_wconf 78' lang='lat' dir='ltr'>singulos</span> <span class='ocrx_word' id='word_1_10' title='bbox 1528 849 2034 948; x_wconf 80' lang='lat' dir='ltr'>scripturarum</span> <span class='ocrx_word' id='word_1_11' title='bbox 2077 848 2471 928; x_wconf 90' lang='lat' dir='ltr'>observare</span> 
     </span>
     <span class='ocr_line' id='line_1_4' title="bbox 296 951 2476 1052; baseline -0.002 -23"><span class='ocrx_word' id='word_1_12' title='bbox 296 951 719 1030; x_wconf 77' lang='lat' dir='ltr'>¹sermones.</span> <span class='ocrx_word' id='word_1_13' title='bbox 804 953 1144 1052; x_wconf 31' lang='lat' dir='ltr'>,Quando</span> <span class='ocrx_word' id='word_1_14' title='bbox 1184 955 1430 1046; x_wconf 88' lang='lat' dir='ltr'>itaque</span> <span class='ocrx_word' id='word_1_15' title='bbox 1469 951 1658 1028; x_wconf 85' lang='lat' dir='ltr'>fit‘in</span> <span class='ocrx_word' id='word_1_16' title='bbox 1697 954 2200 1030; x_wconf 85' lang='lat' dir='ltr'>exterminium</span> <span class='ocrx_word' id='word_1_17' title='bbox 2235 953 2476 1044; x_wconf 87' lang='lat' dir='ltr'>Baby-</span> 
     </span>
     <span class='ocr_line' id='line_1_5' title="bbox 292 1051 2471 1156; baseline -0 -28"><span class='ocrx_word' id='word_1_18' title='bbox 292 1051 458 1128; x_wconf 79' lang='lat' dir='ltr'>&#39;lon</span> <span class='ocrx_word' id='word_1_19' title='bbox 490 1052 526 1125; x_wconf 74' lang='lat'>⁴?</span> <span class='ocrx_word' id='word_1_20' title='bbox 597 1055 913 1156; x_wconf 85' lang='lat' dir='ltr'><strong>Quando</strong></span> <span class='ocrx_word' id='word_1_21' title='bbox 957 1055 1528 1130; x_wconf 82' lang='lat' dir='ltr'>exterminantur</span> <span class='ocrx_word' id='word_1_22' title='bbox 1576 1076 1830 1129; x_wconf 90' lang='lat' dir='ltr'>omnes</span> <span class='ocrx_word' id='word_1_23' title='bbox 1876 1054 2339 1128; x_wconf 78' lang='lat' dir='ltr'>confusiones</span> <span class='ocrx_word' id='word_1_24' title='bbox 2377 1055 2471 1127; x_wconf 93' lang='lat' dir='ltr'>de</span> 
     </span>
     <span class='ocr_line' id='line_1_6' title="bbox 331 1149 2466 1251; baseline 0 -25"><span class='ocrx_word' id='word_1_25' title='bbox 331 1153 562 1228; x_wconf 88' lang='lat' dir='ltr'>anima</span> <span class='ocrx_word' id='word_1_26' title='bbox 608 1177 767 1230; x_wconf 88' lang='lat' dir='ltr'>mea</span> <span class='ocrx_word' id='word_1_27' title='bbox 794 1209 819 1251; x_wconf 86' lang='lat'>‚</span> <span class='ocrx_word' id='word_1_28' title='bbox 888 1175 1127 1247; x_wconf 88' lang='lat' dir='ltr'>neque</span> <span class='ocrx_word' id='word_1_29' title='bbox 1154 1155 1457 1228; x_wconf 84' lang='lat' dir='ltr'>ulterius</span> <span class='ocrx_word' id='word_1_30' title='bbox 1490 1175 1606 1227; x_wconf 89' lang='lat' dir='ltr'>me</span> <span class='ocrx_word' id='word_1_31' title='bbox 1649 1153 2035 1228; x_wconf 89' lang='lat' dir='ltr'>confundit</span> <span class='ocrx_word' id='word_1_32' title='bbox 2059 1175 2258 1226; x_wconf 90' lang='lat' dir='ltr'>mors</span> <span class='ocrx_word' id='word_1_33' title='bbox 2289 1149 2466 1248; x_wconf 85' lang='lat' dir='ltr'>filii,</span> 
     </span>
     <span class='ocr_line' id='line_1_7' title="bbox 331 1251 2472 1350; baseline 0 -24"><span class='ocrx_word' id='word_1_34' title='bbox 331 1268 460 1326; x_wconf 90' lang='lat' dir='ltr'>aut</span> <span class='ocrx_word' id='word_1_35' title='bbox 498 1256 797 1328; x_wconf 79' lang='lat' dir='ltr'>uxoris:</span> <span class='ocrx_word' id='word_1_36' title='bbox 852 1275 1016 1330; x_wconf 90' lang='lat' dir='ltr'>cum</span> <span class='ocrx_word' id='word_1_37' title='bbox 1048 1275 1201 1328; x_wconf 91' lang='lat' dir='ltr'>non</span> <span class='ocrx_word' id='word_1_38' title='bbox 1239 1251 1384 1346; x_wconf 89' lang='lat' dir='ltr'>est,</span> <span class='ocrx_word' id='word_1_39' title='bbox 1441 1254 1559 1350; x_wconf 91' lang='lat' dir='ltr'>qui</span> <span class='ocrx_word' id='word_1_40' title='bbox 1597 1275 1712 1329; x_wconf 92' lang='lat' dir='ltr'>me</span> <span class='ocrx_word' id='word_1_41' title='bbox 1749 1256 2027 1344; x_wconf 90' lang='lat' dir='ltr'>irritet,</span> <span class='ocrx_word' id='word_1_42' title='bbox 2081 1253 2148 1324; x_wconf 90' lang='lat'>&amp;</span> <span class='ocrx_word' id='word_1_43' title='bbox 2188 1273 2472 1350; x_wconf 87' lang='lat' dir='ltr'>provo-</span> 
     </span>
     <span class='ocr_line' id='line_1_8' title="bbox 329 1353 2470 1450; baseline 0 -25"><span class='ocrx_word' id='word_1_44' title='bbox 329 1365 451 1426; x_wconf 91' lang='lat' dir='ltr'>cet</span> <span class='ocrx_word' id='word_1_45' title='bbox 483 1354 569 1426; x_wconf 90' lang='lat' dir='ltr'>ad</span> <span class='ocrx_word' id='word_1_46' title='bbox 617 1353 967 1432; x_wconf 87' lang='lat' dir='ltr'>tristitiam</span> <span class='ocrx_word' id='word_1_47' title='bbox 995 1405 1021 1446; x_wconf 88' lang='lat'>,</span> <span class='ocrx_word' id='word_1_48' title='bbox 1076 1353 1163 1428; x_wconf 88' lang='lat' dir='ltr'>ad</span> <span class='ocrx_word' id='word_1_49' title='bbox 1208 1355 1386 1430; x_wconf 89' lang='lat' dir='ltr'>iram</span> <span class='ocrx_word' id='word_1_50' title='bbox 1415 1405 1438 1442; x_wconf 91' lang='lat'>,</span> <span class='ocrx_word' id='word_1_51' title='bbox 1492 1353 1578 1428; x_wconf 91' lang='lat' dir='ltr'>ad</span> <span class='ocrx_word' id='word_1_52' title='bbox 1624 1354 2320 1450; x_wconf 84' lang='lat' dir='ltr'>concupiscentiam,</span> <span class='ocrx_word' id='word_1_53' title='bbox 2376 1354 2470 1427; x_wconf 90' lang='lat' dir='ltr'>ad</span> 
     </span>
     <span class='ocr_line' id='line_1_9' title="bbox 302 1451 2468 1556; baseline 0 -30"><span class='ocrx_word' id='word_1_54' title='bbox 302 1455 837 1548; x_wconf 47' lang='lat' dir='ltr'>,voluptatem,</span> <span class='ocrx_word' id='word_1_55' title='bbox 906 1455 1192 1556; x_wconf 86' lang='lat' dir='ltr'>quando</span> <span class='ocrx_word' id='word_1_56' title='bbox 1260 1475 1525 1529; x_wconf 82' lang='lat' dir='ltr'>maneo</span> <span class='ocrx_word' id='word_1_57' title='bbox 1577 1453 1996 1530; x_wconf 86' lang='lat' dir='ltr'>inconfusus</span> <span class='ocrx_word' id='word_1_58' title='bbox 2022 1508 2048 1548; x_wconf 86' lang='lat'>,</span> <span class='ocrx_word' id='word_1_59' title='bbox 2119 1451 2468 1527; x_wconf 82' lang='lat' dir='ltr'>assumens</span> 
     </span>
     <span class='ocr_line' id='line_1_10' title="bbox 324 1551 2470 1647; baseline -0 -21"><span class='ocrx_word' id='word_1_60' title='bbox 324 1556 685 1626; x_wconf 88' lang='lat' dir='ltr'>rationem</span> <span class='ocrx_word' id='word_1_61' title='bbox 714 1557 755 1646; x_wconf 89' lang='lat'>,&#39;</span> <span class='ocrx_word' id='word_1_62' title='bbox 794 1576 947 1646; x_wconf 86' lang='lat' dir='ltr'>quae</span> <span class='ocrx_word' id='word_1_63' title='bbox 992 1576 1109 1628; x_wconf 90' lang='lat' dir='ltr'>me</span> <span class='ocrx_word' id='word_1_64' title='bbox 1147 1551 1538 1629; x_wconf 86' lang='lat' dir='ltr'>confirmet</span> <span class='ocrx_word' id='word_1_65' title='bbox 1575 1555 1642 1628; x_wconf 88' lang='lat'>&amp;</span> <span class='ocrx_word' id='word_1_66' title='bbox 1671 1559 2029 1647; x_wconf 87' lang='lat' dir='ltr'>roboret,</span> <span class='ocrx_word' id='word_1_67' title='bbox 2082 1566 2260 1624; x_wconf 89' lang='lat' dir='ltr'>tunc</span> <span class='ocrx_word' id='word_1_68' title='bbox 2291 1553 2470 1628; x_wconf 85' lang='lat' dir='ltr'>mihi</span> 
     </span>
     <span class='ocr_line' id='line_1_11' title="bbox 328 1651 2469 1754; baseline 0 -30"><span class='ocrx_word' id='word_1_69' title='bbox 328 1651 594 1724; x_wconf 86' lang='lat' dir='ltr'>accidit</span> <span class='ocrx_word' id='word_1_70' title='bbox 630 1655 837 1744; x_wconf 85' lang='lat' dir='ltr'>quod</span> <span class='ocrx_word' id='word_1_71' title='bbox 868 1653 1129 1730; x_wconf 62' lang='lat' dir='ltr'>diffitum</span> <span class='ocrx_word' id='word_1_72' title='bbox 1170 1653 1271 1728; x_wconf 88' lang='lat' dir='ltr'>est</span> <span class='ocrx_word' id='word_1_73' title='bbox 1301 1709 1327 1749; x_wconf 88' lang='lat'><strong>‚</strong></span> <span class='ocrx_word' id='word_1_74' title='bbox 1391 1653 1592 1730; x_wconf 64' lang='lat' dir='ltr'>Fufia</span> <span class='ocrx_word' id='word_1_75' title='bbox 1623 1655 1704 1754; x_wconf 72' lang='lat' dir='ltr'>‘fl-</span> <span class='ocrx_word' id='word_1_76' title='bbox 1731 1662 1806 1726; x_wconf 82' lang='lat' dir='ltr'>in</span> <span class='ocrx_word' id='word_1_77' title='bbox 1841 1659 2300 1727; x_wconf 75' lang='lat' dir='ltr'>exterminium</span> <span class='ocrx_word' id='word_1_78' title='bbox 2337 1657 2469 1726; x_wconf 85' lang='lat' dir='ltr'>Ba-</span> 
     </span>
     <span class='ocr_line' id='line_1_12' title="bbox 298 1749 2469 1847; baseline 0.001 -25"><span class='ocrx_word' id='word_1_79' title='bbox 298 1749 515 1846; x_wconf 66' lang='lat' dir='ltr'>&#39;bylon</span> <span class='ocrx_word' id='word_1_80' title='bbox 548 1805 567 1841; x_wconf 92' lang='lat'>,</span> <span class='ocrx_word' id='word_1_81' title='bbox 620 1753 769 1826; x_wconf 91' lang='lat' dir='ltr'>hoc</span> <span class='ocrx_word' id='word_1_82' title='bbox 802 1754 905 1828; x_wconf 88' lang='lat' dir='ltr'>est</span> <span class='ocrx_word' id='word_1_83' title='bbox 940 1752 1270 1828; x_wconf 87' lang='lat' dir='ltr'>universa</span> <span class='ocrx_word' id='word_1_84' title='bbox 1312 1753 1668 1832; x_wconf 72' lang='lat' dir='ltr'>confusso.</span> <span class='ocrx_word' id='word_1_85' title='bbox 1771 1753 1992 1828; x_wconf 89' lang='lat' dir='ltr'>Fiunt</span> <span class='ocrx_word' id='word_1_86' title='bbox 2022 1768 2260 1826; x_wconf 88' lang='lat' dir='ltr'>autem</span> <span class='ocrx_word' id='word_1_87' title='bbox 2300 1752 2469 1847; x_wconf 86' lang='lat' dir='ltr'>ista,</span> 
     </span>
     <span class='ocr_line' id='line_1_13' title="bbox 323 1849 2466 1951; baseline 0 -25"><span class='ocrx_word' id='word_1_88' title='bbox 323 1853 399 1926; x_wconf 87' lang='lat' dir='ltr'>id</span> <span class='ocrx_word' id='word_1_89' title='bbox 444 1849 590 1944; x_wconf 88' lang='lat' dir='ltr'>est,</span> <span class='ocrx_word' id='word_1_90' title='bbox 646 1853 1009 1951; x_wconf 84' lang='lat' dir='ltr'>consringi</span> <span class='ocrx_word' id='word_1_91' title='bbox 1044 1908 1070 1945; x_wconf 88' lang='lat'>,</span> <span class='ocrx_word' id='word_1_92' title='bbox 1124 1853 1195 1926; x_wconf 75' lang='grc' dir='ltr'>’ἂ</span> <span class='ocrx_word' id='word_1_93' title='bbox 1236 1855 1523 1929; x_wconf 87' lang='lat' dir='ltr'>conteri</span> <span class='ocrx_word' id='word_1_94' title='bbox 1562 1855 1894 1930; x_wconf 89' lang='lat' dir='ltr'>malleum</span> <span class='ocrx_word' id='word_1_95' title='bbox 1943 1855 2179 1928; x_wconf 89' lang='lat' dir='ltr'>omnis</span> <span class='ocrx_word' id='word_1_96' title='bbox 2213 1869 2466 1947; x_wconf 84' lang='lat' dir='ltr'>terrae,</span> 
     </span>
     <span class='ocr_line' id='line_1_14' title="bbox 302 1951 2470 2052; baseline -0.001 -26"><span class='ocrx_word' id='word_1_97' title='bbox 302 1951 396 2040; x_wconf 69' lang='grc' dir='ltr'>,ἃ</span> <span class='ocrx_word' id='word_1_98' title='bbox 441 1951 767 2028; x_wconf 88' lang='lat' dir='ltr'>demoliri</span> <span class='ocrx_word' id='word_1_99' title='bbox 807 1953 1260 2045; x_wconf 87' lang='lat' dir='ltr'>Babylonem</span> <span class='ocrx_word' id='word_1_100' title='bbox 1290 2007 1316 2044; x_wconf 89' lang='lat'>,</span> <span class='ocrx_word' id='word_1_101' title='bbox 1371 1975 1534 2028; x_wconf 90' lang='lat' dir='ltr'>cum</span> <span class='ocrx_word' id='word_1_102' title='bbox 1577 1970 1832 2052; x_wconf 87' lang='lat' dir='ltr'>gentes</span> <span class='ocrx_word' id='word_1_103' title='bbox 1881 1952 2470 2050; x_wconf 89' lang='lat' dir='ltr'>superponuntur</span> 
     </span>
     <span class='ocr_line' id='line_1_15' title="bbox 302 2051 2471 2150; baseline -0.003 -20"><span class='ocrx_word' id='word_1_104' title='bbox 302 2054 632 2144; x_wconf 78' lang='lat' dir='ltr'>malleo,</span> <span class='ocrx_word' id='word_1_105' title='bbox 685 2052 754 2124; x_wconf 87' lang='lat'>&amp;</span> <span class='ocrx_word' id='word_1_106' title='bbox 788 2053 1169 2145; x_wconf 82' lang='lat' dir='ltr'>Babyloni.</span> <span class='ocrx_word' id='word_1_107' title='bbox 1271 2051 1757 2150; x_wconf 37' lang='lat' dir='ltr'>Scriptum-est</span> <span class='ocrx_word' id='word_1_108' title='bbox 1787 2056 2013 2128; x_wconf 87' lang='lat' dir='ltr'>enim:</span> <span class='ocrx_word' id='word_1_109' title='bbox 2073 2053 2471 2148; x_wconf 80' lang='lat' dir='ltr'>Ingentibus</span> 
     </span>
     <span class='ocr_line' id='line_1_16' title="bbox 314 2151 2470 2250; baseline 0.003 -28"><span class='ocrx_word' id='word_1_110' title='bbox 314 2153 819 2250; x_wconf 75' lang='lat' dir='ltr'>fieperponentur</span> <span class='ocrx_word' id='word_1_111' title='bbox 848 2155 1007 2233; x_wconf 70' lang='lat' dir='ltr'>riht,</span> <span class='ocrx_word' id='word_1_112' title='bbox 1059 2155 1205 2227; x_wconf 93' lang='lat' dir='ltr'>hoc</span> <span class='ocrx_word' id='word_1_113' title='bbox 1238 2151 1383 2246; x_wconf 90' lang='lat' dir='ltr'>est,</span> <span class='ocrx_word' id='word_1_114' title='bbox 1437 2155 1485 2226; x_wconf 89' lang='lat' dir='ltr'>ii</span> <span class='ocrx_word' id='word_1_115' title='bbox 1513 2155 1630 2245; x_wconf 89' lang='lat' dir='ltr'>qui</span> <span class='ocrx_word' id='word_1_116' title='bbox 1666 2155 1755 2228; x_wconf 87' lang='lat' dir='ltr'>de</span> <span class='ocrx_word' id='word_1_117' title='bbox 1787 2155 2120 2250; x_wconf 89' lang='lat' dir='ltr'>gentibus</span> <span class='ocrx_word' id='word_1_118' title='bbox 2152 2152 2312 2227; x_wconf 91' lang='lat' dir='ltr'>sunt</span> <span class='ocrx_word' id='word_1_119' title='bbox 2359 2153 2470 2229; x_wconf 91' lang='lat' dir='ltr'>su-</span> 
     </span>
     <span class='ocr_line' id='line_1_17' title="bbox 321 2251 2465 2349; baseline 0 -23"><span class='ocrx_word' id='word_1_120' title='bbox 321 2266 826 2348; x_wconf 86' lang='lat' dir='ltr'>perponentur</span> <span class='ocrx_word' id='word_1_121' title='bbox 872 2254 1005 2326; x_wconf 88' lang='lat' dir='ltr'>tibi</span> <span class='ocrx_word' id='word_1_122' title='bbox 1058 2273 1107 2326; x_wconf 95' lang='lat' dir='ltr'>o</span> <span class='ocrx_word' id='word_1_123' title='bbox 1154 2251 1492 2346; x_wconf 86' lang='lat' dir='ltr'>Babylon</span> <span class='ocrx_word' id='word_1_124' title='bbox 1530 2305 1555 2345; x_wconf 89' lang='lat'>,</span> <span class='ocrx_word' id='word_1_125' title='bbox 1621 2251 2201 2349; x_wconf 86' lang='lat' dir='ltr'>superponentur</span> <span class='ocrx_word' id='word_1_126' title='bbox 2239 2254 2368 2326; x_wconf 89' lang='lat' dir='ltr'>tibi</span> <span class='ocrx_word' id='word_1_127' title='bbox 2413 2276 2465 2327; x_wconf 95' lang='lat' dir='ltr'>o</span> 
     </span>
     <span class='ocr_line' id='line_1_18' title="bbox 324 2351 2468 2454; baseline -0 -26"><span class='ocrx_word' id='word_1_128' title='bbox 324 2353 628 2446; x_wconf 87' lang='lat' dir='ltr'>mallee,</span> <span class='ocrx_word' id='word_1_129' title='bbox 678 2367 761 2424; x_wconf 90' lang='lat' dir='ltr'>ut</span> <span class='ocrx_word' id='word_1_130' title='bbox 793 2351 1313 2448; x_wconf 84' lang='lat' dir='ltr'>confringaris,</span> <span class='ocrx_word' id='word_1_131' title='bbox 1366 2352 1883 2427; x_wconf 63' lang='lat' dir='ltr'>&amp;conteraris</span> <span class='ocrx_word' id='word_1_132' title='bbox 1991 2354 2309 2454; x_wconf 89' lang='lat' dir='ltr'>Quando</span> <span class='ocrx_word' id='word_1_133' title='bbox 2337 2351 2468 2428; x_wconf 89' lang='lat' dir='ltr'>ista</span> 
     </span>
     <span class='ocr_line' id='line_1_19' title="bbox 322 2449 2469 2548; baseline 0.001 -22"><span class='ocrx_word' id='word_1_134' title='bbox 322 2449 511 2526; x_wconf 61' lang='lat' dir='ltr'>faeta</span> <span class='ocrx_word' id='word_1_135' title='bbox 542 2451 750 2525; x_wconf 73' lang='lat' dir='ltr'>sunt?</span> <span class='ocrx_word' id='word_1_136' title='bbox 802 2451 887 2526; x_wconf 87' lang='lat' dir='ltr'>In</span> <span class='ocrx_word' id='word_1_137' title='bbox 922 2451 1243 2526; x_wconf 83' lang='lat' dir='ltr'>adventu</span> <span class='ocrx_word' id='word_1_138' title='bbox 1262 2449 1566 2527; x_wconf 86' lang='lat' dir='ltr'>Domini</span> <span class='ocrx_word' id='word_1_139' title='bbox 1597 2455 1736 2527; x_wconf 87' lang='lat' dir='ltr'>mei</span> <span class='ocrx_word' id='word_1_140' title='bbox 1765 2451 1928 2548; x_wconf 86' lang='lat' dir='ltr'>Jesu</span> <span class='ocrx_word' id='word_1_141' title='bbox 1954 2450 2258 2548; x_wconf 85' lang='lat' dir='ltr'>Christi,</span> <span class='ocrx_word' id='word_1_142' title='bbox 2302 2475 2469 2529; x_wconf 89' lang='lat' dir='ltr'>cum</span> 
     </span>
     <span class='ocr_line' id='line_1_20' title="bbox 326 2550 2468 2650; baseline 0.001 -25"><span class='ocrx_word' id='word_1_143' title='bbox 326 2554 783 2650; x_wconf 67' lang='lat' dir='ltr'>evangelium</span> <span class='ocrx_word' id='word_1_144' title='bbox 831 2550 1101 2626; x_wconf 77' lang='lat' dir='ltr'>cunffis</span> <span class='ocrx_word' id='word_1_145' title='bbox 1152 2553 1486 2648; x_wconf 86' lang='lat' dir='ltr'>gentibus</span> <span class='ocrx_word' id='word_1_146' title='bbox 1553 2551 2015 2647; x_wconf 69' lang='lat' dir='ltr'>praedicatum</span> <span class='ocrx_word' id='word_1_147' title='bbox 2081 2553 2222 2646; x_wconf 85' lang='lat' dir='ltr'>est,</span> <span class='ocrx_word' id='word_1_148' title='bbox 2288 2567 2468 2628; x_wconf 90' lang='lat' dir='ltr'>tunc</span> 
     </span>
     <span class='ocr_line' id='line_1_21' title="bbox 323 2649 2468 2746; baseline 0 -20"><span class='ocrx_word' id='word_1_149' title='bbox 323 2651 749 2744; x_wconf 81' lang='lat' dir='ltr'>superpofiti</span> <span class='ocrx_word' id='word_1_150' title='bbox 778 2651 939 2728; x_wconf 85' lang='lat' dir='ltr'>sunt</span> <span class='ocrx_word' id='word_1_151' title='bbox 978 2651 1287 2724; x_wconf 78' lang='lat' dir='ltr'>Pater&amp;</span> <span class='ocrx_word' id='word_1_152' title='bbox 1316 2652 1536 2725; x_wconf 89' lang='lat' dir='ltr'>Filius</span> <span class='ocrx_word' id='word_1_153' title='bbox 1581 2652 1650 2726; x_wconf 79' lang='grc' dir='ltr'>δι</span> <span class='ocrx_word' id='word_1_154' title='bbox 1681 2649 1985 2746; x_wconf 86' lang='lat' dir='ltr'>Spiritus</span> <span class='ocrx_word' id='word_1_155' title='bbox 2020 2652 2292 2728; x_wconf 71' lang='lat' dir='ltr'>sanftus</span> <span class='ocrx_word' id='word_1_156' title='bbox 2333 2653 2468 2727; x_wconf 89' lang='lat' dir='ltr'>Ba·</span> 
     </span>
     <span class='ocr_line' id='line_1_22' title="bbox 308 2747 2467 2850; baseline 0.001 -24"><span class='ocrx_word' id='word_1_157' title='bbox 308 2747 633 2844; x_wconf 80' lang='lat' dir='ltr'>&#39;byloni,</span> <span class='ocrx_word' id='word_1_158' title='bbox 698 2751 767 2823; x_wconf 87' lang='lat'>&amp;</span> <span class='ocrx_word' id='word_1_159' title='bbox 803 2751 1066 2826; x_wconf 87' lang='lat' dir='ltr'>malleo</span> <span class='ocrx_word' id='word_1_160' title='bbox 1106 2750 1456 2826; x_wconf 67' lang='lat' dir='ltr'>universae</span> <span class='ocrx_word' id='word_1_161' title='bbox 1494 2766 1705 2842; x_wconf 81' lang='lat' dir='ltr'>terrae</span> <span class='ocrx_word' id='word_1_162' title='bbox 1733 2806 1776 2850; x_wconf 28' lang='lat' dir='ltr'>‚n</span> <span class='ocrx_word' id='word_1_163' title='bbox 1826 2751 1894 2825; x_wconf 71' lang='grc' dir='ltr'>δι</span> <span class='ocrx_word' id='word_1_164' title='bbox 1941 2753 2315 2848; x_wconf 88' lang='lat' dir='ltr'>impletum</span> <span class='ocrx_word' id='word_1_165' title='bbox 2361 2754 2467 2828; x_wconf 88' lang='lat' dir='ltr'>est</span> 
     </span>
     <span class='ocr_line' id='line_1_23' title="bbox 292 2845 2463 2949; baseline -0.001 -23"><span class='ocrx_word' id='word_1_166' title='bbox 292 2851 477 2938; x_wconf 71' lang='lat' dir='ltr'>,hoc</span> <span class='ocrx_word' id='word_1_167' title='bbox 495 2906 537 2946; x_wconf 85' lang='grc'>,,</span> <span class='ocrx_word' id='word_1_168' title='bbox 574 2851 772 2943; x_wconf 84' lang='lat' dir='ltr'>quod</span> <span class='ocrx_word' id='word_1_169' title='bbox 793 2851 1125 2944; x_wconf 89' lang='lat' dir='ltr'>scriptum</span> <span class='ocrx_word' id='word_1_170' title='bbox 1156 2849 1299 2947; x_wconf 88' lang='lat' dir='ltr'>est,</span> <span class='ocrx_word' id='word_1_171' title='bbox 1356 2855 1438 2924; x_wconf 82' lang='grc' dir='ltr'>1η</span> <span class='ocrx_word' id='word_1_172' title='bbox 1461 2845 1757 2946; x_wconf 79' lang='lat' dir='ltr'>gentibu&#39;s</span> <span class='ocrx_word' id='word_1_173' title='bbox 1769 2851 2283 2949; x_wconf 78' lang='lat' dir='ltr'>superponentur</span> <span class='ocrx_word' id='word_1_174' title='bbox 2306 2855 2463 2948; x_wconf 83' lang='lat' dir='ltr'>tibi,</span> 
     </span>
     <span class='ocr_line' id='line_1_24' title="bbox 326 2948 2464 3048; baseline 0.003 -28"><span class='ocrx_word' id='word_1_175' title='bbox 326 2951 409 3027; x_wconf 65' lang='grc' dir='ltr'><strong><em>Θ</em></strong></span> <span class='ocrx_word' id='word_1_176' title='bbox 438 2956 701 3048; x_wconf 78' lang='lat' dir='ltr'>capieris</span> <span class='ocrx_word' id='word_1_177' title='bbox 738 2952 1022 3045; x_wconf 80' lang='lat' dir='ltr'>Babylon</span> <span class='ocrx_word' id='word_1_178' title='bbox 1055 2948 1133 3025; x_wconf 67' lang='lat'>&lt;5</span> <span class='ocrx_word' id='word_1_179' title='bbox 1158 2975 1292 3021; x_wconf 81' lang='lat' dir='ltr'>mm</span> <span class='ocrx_word' id='word_1_180' title='bbox 1327 2953 1642 3046; x_wconf 77' lang='lat' dir='ltr'>cognoscis.</span> <span class='ocrx_word' id='word_1_181' title='bbox 1739 2951 2040 3025; x_wconf 84' lang='lat' dir='ltr'>Utinam</span> <span class='ocrx_word' id='word_1_182' title='bbox 2078 2965 2464 3045; x_wconf 87' lang='lat' dir='ltr'>caperetur</span> 
     </span>
     <span class='ocr_line' id='line_1_25' title="bbox 323 3047 2463 3147; baseline 0.001 -23"><span class='ocrx_word' id='word_1_183' title='bbox 323 3049 660 3144; x_wconf 88' lang='lat' dir='ltr'>Babylon</span> <span class='ocrx_word' id='word_1_184' title='bbox 712 3051 780 3124; x_wconf 89' lang='lat'>&amp;</span> <span class='ocrx_word' id='word_1_185' title='bbox 828 3069 956 3144; x_wconf 89' lang='lat' dir='ltr'>per</span> <span class='ocrx_word' id='word_1_186' title='bbox 995 3050 1307 3147; x_wconf 74' lang='lat' dir='ltr'>singulos</span> <span class='ocrx_word' id='word_1_187' title='bbox 1354 3047 1722 3144; x_wconf 35' lang='lat' dir='ltr'>nostrum..</span> <span class='ocrx_word' id='word_1_188' title='bbox 1821 3047 1934 3123; x_wconf 84' lang='lat' dir='ltr'>Ex</span> <span class='ocrx_word' id='word_1_189' title='bbox 1977 3054 2463 3142; x_wconf 82' lang='lat' dir='ltr'>anterioribus</span> 
     </span>
     <span class='ocr_line' id='line_1_26' title="bbox 322 3149 2466 3246; baseline 0.001 -22"><span class='ocrx_word' id='word_1_190' title='bbox 322 3165 565 3226; x_wconf 84' lang='lat' dir='ltr'>autern</span> <span class='ocrx_word' id='word_1_191' title='bbox 613 3150 856 3244; x_wconf 88' lang='lat' dir='ltr'>potest</span> <span class='ocrx_word' id='word_1_192' title='bbox 895 3150 1198 3246; x_wconf 89' lang='lat' dir='ltr'>intelligi</span> <span class='ocrx_word' id='word_1_193' title='bbox 1240 3150 1623 3244; x_wconf 88' lang='lat' dir='ltr'>captivitas</span> <span class='ocrx_word' id='word_1_194' title='bbox 1666 3149 2061 3244; x_wconf 88' lang='lat' dir='ltr'>Babylonis</span> <span class='ocrx_word' id='word_1_195' title='bbox 2089 3206 2114 3244; x_wconf 92' lang='lat'>,</span> <span class='ocrx_word' id='word_1_196' title='bbox 2171 3153 2466 3245; x_wconf 89' lang='lat' dir='ltr'>quando</span> 
     </span>
     <span class='ocr_line' id='line_1_27' title="bbox 325 3247 2462 3345; baseline 0.001 -19"><span class='ocrx_word' id='word_1_197' title='bbox 325 3267 540 3344; x_wconf 85' lang='lat' dir='ltr'>capta</span> <span class='ocrx_word' id='word_1_198' title='bbox 576 3249 1003 3344; x_wconf 85' lang='lat' dir='ltr'>suffoditur,</span> <span class='ocrx_word' id='word_1_199' title='bbox 1069 3252 1553 3345; x_wconf 81' lang='lat' dir='ltr'>subvertitur,</span> <span class='ocrx_word' id='word_1_200' title='bbox 1609 3247 2010 3342; x_wconf 88' lang='lat' dir='ltr'>desolatur,</span> <span class='ocrx_word' id='word_1_201' title='bbox 2059 3265 2144 3323; x_wconf 90' lang='lat' dir='ltr'>ut</span> <span class='ocrx_word' id='word_1_202' title='bbox 2176 3251 2351 3327; x_wconf 85' lang='lat' dir='ltr'>nihil</span> <span class='ocrx_word' id='word_1_203' title='bbox 2384 3256 2462 3329; x_wconf 90' lang='lat' dir='ltr'>in</span> 
     </span>
     <span class='ocr_line' id='line_1_28' title="bbox 321 3347 2460 3448; baseline -0.001 -21"><span class='ocrx_word' id='word_1_204' title='bbox 321 3353 541 3427; x_wconf 84' lang='lat' dir='ltr'>nobis</span> <span class='ocrx_word' id='word_1_205' title='bbox 594 3347 895 3425; x_wconf 78' lang='lat' dir='ltr'>resideat</span> <span class='ocrx_word' id='word_1_206' title='bbox 940 3347 1404 3426; x_wconf 71' lang='lat' dir='ltr'>confusionis,</span> <span class='ocrx_word' id='word_1_207' title='bbox 1513 3349 1609 3424; x_wconf 79' lang='lat' dir='ltr'>Et</span> <span class='ocrx_word' id='word_1_208' title='bbox 1657 3356 1921 3445; x_wconf 80' lang='lat' dir='ltr'>capieris</span> <span class='ocrx_word' id='word_1_209' title='bbox 1967 3353 2257 3448; x_wconf 79' lang='lat' dir='ltr'>Babylon</span> <span class='ocrx_word' id='word_1_210' title='bbox 2288 3399 2313 3433; x_wconf 87' lang='lat'>‚</span> <span class='ocrx_word' id='word_1_211' title='bbox 2378 3353 2460 3432; x_wconf 69' lang='lat'>(5</span> 
     </span>
     <span class='ocr_line' id='line_1_29' title="bbox 324 3451 2464 3550; baseline 0.001 -26"><span class='ocrx_word' id='word_1_212' title='bbox 324 3477 460 3524; x_wconf 82' lang='lat' dir='ltr'>non</span> <span class='ocrx_word' id='word_1_213' title='bbox 509 3451 841 3544; x_wconf 73' lang='lat' dir='ltr'>cognostis.-</span> <span class='ocrx_word' id='word_1_214' title='bbox 890 3455 1169 3524; x_wconf 79' lang='lat' dir='ltr'>inventa</span> <span class='ocrx_word' id='word_1_215' title='bbox 1196 3476 1296 3539; x_wconf 79' lang='lat' dir='ltr'>es,</span> <span class='ocrx_word' id='word_1_216' title='bbox 1346 3451 1426 3526; x_wconf 63' lang='lat'>(5</span> <span class='ocrx_word' id='word_1_217' title='bbox 1454 3451 1880 3548; x_wconf 77' lang='lat' dir='ltr'>comprehensa</span> <span class='ocrx_word' id='word_1_218' title='bbox 1904 3504 1925 3538; x_wconf 93' lang='lat'>‚</span> <span class='ocrx_word' id='word_1_219' title='bbox 1976 3459 2132 3550; x_wconf 84' lang='lat' dir='ltr'>quia</span> <span class='ocrx_word' id='word_1_220' title='bbox 2187 3459 2464 3528; x_wconf 76' lang='lat' dir='ltr'>Domino</span> 
     </span>
     <span class='ocr_line' id='line_1_30' title="bbox 326 3547 2461 3650; baseline 0 -23"><span class='ocrx_word' id='word_1_221' title='bbox 326 3551 630 3650; x_wconf 77' lang='lat' dir='ltr'>restitisti.</span> <span class='ocrx_word' id='word_1_222' title='bbox 735 3547 1031 3646; x_wconf 88' lang='lat' dir='ltr'>Ergone</span> <span class='ocrx_word' id='word_1_223' title='bbox 1086 3547 1233 3624; x_wconf 91' lang='lat' dir='ltr'>sola</span> <span class='ocrx_word' id='word_1_224' title='bbox 1276 3550 1608 3643; x_wconf 86' lang='lat' dir='ltr'>Babylon</span> <span class='ocrx_word' id='word_1_225' title='bbox 1643 3549 1972 3626; x_wconf 89' lang='lat' dir='ltr'>Domino</span> <span class='ocrx_word' id='word_1_226' title='bbox 2015 3551 2328 3644; x_wconf 81' lang='lat' dir='ltr'>restitit,</span> <span class='ocrx_word' id='word_1_227' title='bbox 2389 3551 2461 3628; x_wconf 69' lang='grc' dir='ltr'>ἀ</span> 
     </span>
     <span class='ocr_line' id='line_1_31' title="bbox 294 3649 2460 3749; baseline 0.001 -22"><span class='ocrx_word' id='word_1_228' title='bbox 294 3674 481 3738; x_wconf 77' lang='lat' dir='ltr'>,non</span> <span class='ocrx_word' id='word_1_229' title='bbox 514 3649 760 3749; x_wconf 87' lang='lat' dir='ltr'>potius</span> <span class='ocrx_word' id='word_1_230' title='bbox 792 3671 1065 3726; x_wconf 82' lang='lat' dir='ltr'>omnes</span> <span class='ocrx_word' id='word_1_231' title='bbox 1125 3664 1326 3726; x_wconf 89' lang='lat' dir='ltr'>entes</span> <span class='ocrx_word' id='word_1_232' title='bbox 1348 3672 1390 3744; x_wconf 87' lang='lat'>,·</span> <span class='ocrx_word' id='word_1_233' title='bbox 1429 3652 1596 3736; x_wconf 83' lang='lat' dir='ltr'>dum</span> <span class='ocrx_word' id='word_1_234' title='bbox 1619 3661 1951 3724; x_wconf 81' lang='lat' dir='ltr'>creatore</span> <span class='ocrx_word' id='word_1_235' title='bbox 1987 3650 2269 3726; x_wconf 88' lang='lat' dir='ltr'>deserto</span> <span class='ocrx_word' id='word_1_236' title='bbox 2300 3653 2460 3728; x_wconf 90' lang='lat' dir='ltr'>ido-</span> 
     </span>
     <span class='ocr_line' id='line_1_32' title="bbox 296 3749 2461 3848; baseline -0 -22"><span class='ocrx_word' id='word_1_237' title='bbox 296 3755 399 3840; x_wconf 83' lang='lat' dir='ltr'>&#39;la</span> <span class='ocrx_word' id='word_1_238' title='bbox 428 3757 788 3826; x_wconf 84' lang='lat' dir='ltr'>venerat&#39;ae</span> <span class='ocrx_word' id='word_1_239' title='bbox 812 3749 1011 3844; x_wconf 83' lang='lat' dir='ltr'>sunt,</span> <span class='ocrx_word' id='word_1_240' title='bbox 1143 3753 1394 3840; x_wconf 88' lang='lat' dir='ltr'>omino</span> <span class='ocrx_word' id='word_1_241' title='bbox 1414 3749 1882 3838; x_wconf 77' lang='lat' dir='ltr'>restiterunt?</span> <span class='ocrx_word' id='word_1_242' title='bbox 1933 3750 2049 3826; x_wconf 86' lang='lat' dir='ltr'>An</span> <span class='ocrx_word' id='word_1_243' title='bbox 2069 3750 2461 3848; x_wconf 86' lang='lat' dir='ltr'>figuraliter</span> 
     </span>
     <span class='ocr_line' id='line_1_33' title="bbox 330 3847 2458 3946; baseline 0.002 -22"><span class='ocrx_word' id='word_1_244' title='bbox 330 3851 509 3924; x_wconf 89' lang='lat' dir='ltr'>dicit</span> <span class='ocrx_word' id='word_1_245' title='bbox 567 3873 855 3926; x_wconf 86' lang='lat' dir='ltr'>omnem</span> <span class='ocrx_word' id='word_1_246' title='bbox 910 3853 1209 3926; x_wconf 88' lang='lat' dir='ltr'>animam</span> <span class='ocrx_word' id='word_1_247' title='bbox 1264 3852 1697 3928; x_wconf 87' lang='lat' dir='ltr'>contrariam</span> <span class='ocrx_word' id='word_1_248' title='bbox 1759 3847 2146 3946; x_wconf 85' lang='lat' dir='ltr'>Jerusalem</span> <span class='ocrx_word' id='word_1_249' title='bbox 2196 3853 2458 3929; x_wconf 78' lang='lat' dir='ltr'>visioni</span> 
     </span>
     <span class='ocr_line' id='line_1_34' title="bbox 325 3947 2454 4049; baseline 0.005 -27"><span class='ocrx_word' id='word_1_250' title='bbox 325 3950 569 4048; x_wconf 88' lang='lat' dir='ltr'>pacis,</span> <span class='ocrx_word' id='word_1_251' title='bbox 620 3951 1069 4044; x_wconf 86' lang='lat' dir='ltr'>Babylonem</span> <span class='ocrx_word' id='word_1_252' title='bbox 1104 3949 1265 4027; x_wconf 81' lang='lat' dir='ltr'>ess&#39;e.</span> <span class='ocrx_word' id='word_1_253' title='bbox 1368 3950 1678 4025; x_wconf 87' lang='lat' dir='ltr'>Unde&amp;</span> <span class='ocrx_word' id='word_1_254' title='bbox 1707 3947 1914 4026; x_wconf 59' lang='lat' dir='ltr'>saneti</span> <span class='ocrx_word' id='word_1_255' title='bbox 1939 3955 2010 4026; x_wconf 92' lang='lat' dir='ltr'>in</span> <span class='ocrx_word' id='word_1_256' title='bbox 2041 3953 2454 4049; x_wconf 78' lang='lat' dir='ltr'>jerusalem,</span> 
     </span>
     <span class='ocr_line' id='line_1_35' title="bbox 320 4047 2457 4148; baseline 0.002 -25"><span class='ocrx_word' id='word_1_257' title='bbox 320 4065 755 4148; x_wconf 87' lang='lat' dir='ltr'>peccatores</span> <span class='ocrx_word' id='word_1_258' title='bbox 806 4054 879 4125; x_wconf 92' lang='lat' dir='ltr'>in</span> <span class='ocrx_word' id='word_1_259' title='bbox 914 4051 1293 4144; x_wconf 88' lang='lat' dir='ltr'>Babylone</span> <span class='ocrx_word' id='word_1_260' title='bbox 1346 4065 1574 4127; x_wconf 89' lang='lat' dir='ltr'>erant.</span> <span class='ocrx_word' id='word_1_261' title='bbox 1675 4047 1774 4122; x_wconf 88' lang='lat' dir='ltr'>Et</span> <span class='ocrx_word' id='word_1_262' title='bbox 1816 4049 1867 4125; x_wconf 85' lang='lat' dir='ltr'>fi</span> <span class='ocrx_word' id='word_1_263' title='bbox 1906 4055 2309 4143; x_wconf 86' lang='lat' dir='ltr'>peccabant</span> <span class='ocrx_word' id='word_1_264' title='bbox 2343 4054 2457 4147; x_wconf 89' lang='lat' dir='ltr'>Je-</span> 
     </span>
     <span class='ocr_line' id='line_1_36' title="bbox 321 4149 2528 4244; baseline 0.001 -20"><span class='ocrx_word' id='word_1_265' title='bbox 321 4149 769 4244; x_wconf 87' lang='lat' dir='ltr'>rosolymitae</span> <span class='ocrx_word' id='word_1_266' title='bbox 796 4199 819 4232; x_wconf 91' lang='lat'>‚</span> <span class='ocrx_word' id='word_1_267' title='bbox 868 4151 1335 4226; x_wconf 88' lang='lat' dir='ltr'>mittebantur</span> <span class='ocrx_word' id='word_1_268' title='bbox 1375 4155 1448 4225; x_wconf 92' lang='lat' dir='ltr'>in</span> <span class='ocrx_word' id='word_1_269' title='bbox 1481 4150 1927 4241; x_wconf 80' lang='lat' dir='ltr'>Babylonem</span> <span class='ocrx_word' id='word_1_270' title='bbox 1964 4205 1988 4244; x_wconf 91' lang='lat'>,</span> <span class='ocrx_word' id='word_1_271' title='bbox 2042 4153 2109 4224; x_wconf 85' lang='lat'>&amp;</span> <span class='ocrx_word' id='word_1_272' title='bbox 2145 4151 2238 4224; x_wconf 85' lang='lat' dir='ltr'>fic</span> <span class='ocrx_word' id='word_1_273' title='bbox 2279 4174 2456 4228; x_wconf 85' lang='lat' dir='ltr'>con·</span> <span class='ocrx_word' id='word_1_274' title='bbox 2519 4203 2528 4216; x_wconf 84' lang='lat'><em>-</em></span> 
     </span>
     <span class='ocr_line' id='line_1_37' title="bbox 326 4250 2456 4344; baseline 0.001 -20"><span class='ocrx_word' id='word_1_275' title='bbox 326 4251 803 4324; x_wconf 88' lang='lat' dir='ltr'>vertebantur</span> <span class='ocrx_word' id='word_1_276' title='bbox 855 4251 942 4326; x_wconf 88' lang='lat' dir='ltr'>ad</span> <span class='ocrx_word' id='word_1_277' title='bbox 984 4252 1474 4344; x_wconf 70' lang='lat' dir='ltr'>poenitentiam</span> <span class='ocrx_word' id='word_1_278' title='bbox 1527 4253 1602 4323; x_wconf 89' lang='lat' dir='ltr'>in</span> <span class='ocrx_word' id='word_1_279' title='bbox 1647 4250 2023 4343; x_wconf 84' lang='lat' dir='ltr'>Babylone</span> <span class='ocrx_word' id='word_1_280' title='bbox 2075 4253 2456 4326; x_wconf 78' lang='lat' dir='ltr'>consisten-</span> 
     </span>
    </p>
   </div>
   <div class='ocr_carea' id='block_1_4' title="bbox 298 4347 2514 4540">
    <p class='ocr_par' dir='ltr' id='par_1_4' title="bbox 298 4347 2514 4540">
     <span class='ocr_line' id='line_1_38' title="bbox 298 4347 2456 4460; baseline 0 -34"><span class='ocrx_word' id='word_1_281' title='bbox 298 4365 465 4458; x_wconf 37' lang='grc' dir='ltr'>χες.</span> <span class='ocrx_word' id='word_1_282' title='bbox 572 4347 804 4432; x_wconf 72' lang='lat' dir='ltr'>Sanni</span> <span class='ocrx_word' id='word_1_283' title='bbox 846 4371 1029 4426; x_wconf 89' lang='lat' dir='ltr'>vero</span> <span class='ocrx_word' id='word_1_284' title='bbox 1068 4351 1660 4452; x_wconf 74' lang='lat' dir='ltr'>regrediebantur</span> <span class='ocrx_word' id='word_1_285' title='bbox 1693 4352 1766 4427; x_wconf 90' lang='lat' dir='ltr'>in</span> <span class='ocrx_word' id='word_1_286' title='bbox 1805 4350 2228 4460; x_wconf 36' lang='lat' dir='ltr'>Jerusalem..</span> <span class='ocrx_word' id='word_1_287' title='bbox 2323 4349 2456 4427; x_wconf 84' lang='lat' dir='ltr'>Ca·</span> 
     </span>
     <span class='ocr_line' id='line_1_39' title="bbox 1286 4453 2514 4540; baseline -0.009 -12"><span class='ocrx_word' id='word_1_288' title='bbox 1286 4453 1418 4529; x_wconf 93' lang='lat' dir='ltr'>Zz</span> <span class='ocrx_word' id='word_1_289' title='bbox 1473 4473 1510 4524; x_wconf 84' lang='lat'><em>2</em></span> <span class='ocrx_word' id='word_1_290' title='bbox 2167 4463 2384 4540; x_wconf 54' lang='lat' dir='ltr'>‘oxma</span> <span class='ocrx_word' id='word_1_291' title='bbox 2489 4479 2514 4494; x_wconf 42' lang='grc' dir='ltr'>κ</span> 
     </span>
    </p>
   </div>
   <div class='ocr_carea' id='block_1_5' title="bbox 406 4607 445 4636">
    <p class='ocr_par' dir='ltr' id='par_1_5' title="bbox 406 4607 445 4636">
     <span class='ocr_line' id='line_1_40' title="bbox 406 4607 445 4636; baseline 0 0"><span class='ocrx_word' id='word_1_292' title='bbox 406 4607 445 4636; x_wconf 61' lang='lat'>⁸)</span> 
     </span>
    </p>
   </div>
  </div>
 </body>
</html>
