2734 4859
85 182 1268 474 .-

430 593 799 674 HOMILIA
845 596 909 676 V.'
1002 687 1011 702 .
1112 605 1186 696 '413

133 759 294 858 sumptus
319 781 340 834 a
368 758 579 836 confufione
604 777 753 849 eorum3
785 758 811 833 fi
835 778 927 833 vero
955 758 1050 833 bene
1067 759 1187 859 colit„

133 883 215 940 non
236 860 287 936 est
303 872 443 955 patrum
459 860 584 945 labor,
619 857 677 933 sed
699 860 802 932 labor
816 877 943 933 eorum
963 858 1039 952 est¹,
1066 879 1088 931 a
1110 860 1185 951 qui·
1240 869 1242 876 '

133 963 204 1037 buu
222 960 458 1057 primogenita
479 957 580 1054 super
600 960 710 1031 altare
726 957 796 1030 Dei
816 956 1029 1033 offeruntur.
1077 958 1185 1029 'iiiios

132 1059 295 1138 eorum&
304 1061 399 1150 fitius
419 1057 531 1133 eorum.
579 1055 782 1144 Dicunt‚hi.
832 1058 999 1155 Quorum
1027 1055 1184 1132 eorum?

135 1157 201 1236 An
224 1167 364 1253 petrum
388 1153 452 1231 filii
476 1157 510 1230 δι
539 1153 622 1229 filiae
652 1154 906 1231 consumuntur
931 1178 951 1228 a
974 1155 1186 1248 confusione

135 1256 319 1354 ipsorum?
352 1255 456 1351 Saepe
470 1255 644 1350 diximus,
668 1258 762 1329 inter
785 1256 907 1329 animae
924 1257 1031 1330 fretus
1050 1257 1185 1354 cogita-

135 1359 256 1434 tiones
283 1356 424 1449 quidem
448 1352 517 1429 eiie
538 1351 663 1450 filios,
696 1374 808 1448 opera
831 1374 924 1427 vero
948 1354 982 1427 ἀ
1004 1353 1098 1427 eiius
1123 1355 1185 1447 qui

135 1477 295 1550 corpore
314 1452 433 1548 fiunt,
460 1443 529 1528 ess‘e
545 1450 647 1528 filias.
699 1454 879 1550 Quoniam
898 1453 1004 1550 igitur
1023 1453 1102 1527 sunt
1123 1475 1184 1527 co·

134 1557 329 1656 gitationes
349 1573 487 1650 pravae‚
514 1554 633 1645 quales
652 1551 753 1627 fuere
774 1553 978 1649 gentilium,
1004 1551 1083 1626 sunt
1098 1554 1186 1629 item

134 1648 1052 1845 iiiisiiii'r‘zoidiicfffssiiiss?iiiifiiiuniii?
1064 1651 1186 1831 :3323

136 1853 305 1946 anobis,
329 1864 373 1926 ut
393 1870 622 1946 procreemus
642 1846 737 1924 filios
757 1849 791 1924 ἅ
810 1848 923 1947 filias,
949 1870 1035 1943 quae
1059 1849 1186 1950 consuf

133 1955 185 2043 mi
206 1948 624 2047 opueiiteconfusrone.
1059 2019 1061 2024 ,
1179 1973 1183 1978 ’

214 2060 246 2131 8.
271 2048 356 2125 Post
375 2051 451 2124 haec
467 2049 591 2142 aiunt,
618 2048 677 2142 qui
698 2043 937 2122 confitentur:
964 2053 1183 2123 Dormivimus

137 2157 177 2224 in
198 2149 368 2245 cmfufiooe
386 2149 512 2247 mostra,
538 2148 665 2240 quibus
692 2147 845 2221 addunt:
880 2150 929 2219 Er
951 2157 1102 2246 cooperuit
1124 2177 1184 2223 mos
1289 2141 1293 2152 ’

138 2254 311 2345 ignominia
322 2248 436 2347 mostra.
486 2246 587 2342 Saepe
601 2247 706 2320 nobis
723 2246 837 2322 sermo
853 2246 922 2320 fuit
935 2246 980 2320 de
991 2250 1183 2344 velamine,

137 2349 237 2443 quod
264 2348 406 2444 obtegit
428 2347 554 2421 faciem
580 2365 729 2439 eorum,
768 2348 826 2438 qui
852 2365 927 2419 non
950 2356 1185 2423 revertuntur

135 2449 181 2523 ad
209 2447 417 2526 Dominum.
475 2445 629 2540 Propter
651 2444 748 2536 quod
771 2449 965 2541 velamen,
996 2447 1021 2522 sr
1046 2449 1183 2544 legatur

135 2546 310 2641 Moyses,
342 2556 512 2641 peccator
534 2565 611 2617 non
633 2544 799 2641 intelligit
826 2545 946 2638 ipsum.
1009 2548 1183 2624 Velamen

135 2650 230 2724 enim
244 2646 344 2720 cordi
359 2645 559 2741 impositum
573 2644 703 2727 habet,
728 2658 878 2739 propter
893 2646 990 2736 quod
1002 2650 1181 2745 velamen,

134 2749 160 2822 fi
180 2750 316 2843 legatur
337 2758 442 2820 vetus
459 2744 730 2837 testamentum,
757 2745 816 2836 qui
838 2745 959 2836 audit,
986 2765 1060 2819 non
1080 2748 1185 2821 intel·

133 2848 233 2943 liget.
267 2844 436 2938 ¹Propter
457 2842 553 2935 quod
575 2844 761 2925 velamen,
787 2840 897 2935 ipsum
915 2863 1058 2935 quoque
1073 2868 1182 2919 evan·

135 2946 264 3041 gelium
284 2945 348 3038 iis,
375 2946 433 3035 qui
453 2956 632 3036 pereunt,
657 2942 709 3015 est
725 2940 978 3017 absconditum.
1028 2943 1182 3017 Diceba-

134 3065 214 3120 mus
226 3046 345 3136 itaque
358 3043 401 3115 de
417 3043 612 3134 velamine,
637 3042 672 3115 id
689 3040 757 3114 effe
768 3040 1024 3117 confusionem.
1062 3046 1182 3144 Quan-

133 3145 196 3216 diu
220 3144 314 3216 enim
338 3143 505 3216 habemus
540 3161 650 3232 opera
679 3140 922 3234 confusionis,
960 3142 1180 3220 manifestum

133 3242 206 3336 est,
229 3262 299 3315 nos
316 3242 446 3313 habere
458 3241 642 3329 velamen,
667 3237 858 3311 secundum
871 3241 955 3312 illud
968 3239 1084 3333 psalmi
1098 3265 1181 3334 qua·

134 3340 312 3438 drageslmi
329 3340 448 3414 tertii:
477 3342 523 3411 Er
536 3340 670 3432 consisto
675 3340 776 3432 faciei
789 3364 858 3409 mea
872 3344 991 3434 operuit
1009 3367 1080 3413 me·
1105 3341 1183 3414 Ado

130 3442 203 3534 jeci
224 3441 349 3531 illum,
387 3439 446 3530 qui
467 3439 668 3512 nonhabet
693 3458 804 3533 opera
825 3438 1071 3531 confusionis,
1102 3461 1180 3516 non

133 3542 267 3614 habere
290 3540 484 3627 velamen3
522 3538 720 3630 cujusmodi
749 3551 825 3611 erat
848 3537 1002 3629 Paulus,
1040 3539 1179 3615 dicens:

133 3642 205 3713 Nos
220 3653 325 3711 aurem
337 3660 439 3707 ommes
450 3639 588 3707 revelato
595 3638 682 3730 socie
691 3639 820 3730 gloriam
836 3642 967 3708 Domini
973 3639 1178 3737 speculamur.
1255 3687 1258 3710 .

131 3736 262 3810 Paulus
278 3738 397 3828 itaque
410 3739 604 3810 revelatam
618 3737 726 3810 habet
745 3736 890 3810 faciem:
914 3741 1098 3813 nonenim
1120 3740 1179 3811 ha·

131 3837 201 3908 bet
217 3834 566 3927 operaconfusronis.
617 3837 1179 3933 Quemadmodumigiturinqua·

130 3932 327 4030 dragefimo
340 3936 452 4007 tertio
465 3932 595 4027 psalmo
611 3934 739 4008 dimum
752 3935 821 4008 est:
848 3935 988 4034 Consufio
997 3937 1097 4029 faciei
1108 3962 1180 4010 mea

132 4038 258 4131 operuit
268 4054 335 4121 me3
357 4034 408 4106 ita
423 4036 527 4107 etiam
540 4033 598 4106 hic
609 4032 737 4108 diiium
754 4034 821 4107 est:
850 4039 1016 4132 cooperuit
1024 4062 1080 4106 mos
1092 4041 1183 4129 igno.

133 4138 237 4205 mimia
250 4133 361 4232 mostra.
411 4131 507 4206 Dum
522 4134 722 4228 ignominiae
737 4134 906 4226 operibus
929 4135 1176 4225 incumbimus,

131 4233 298 4317 velamen
313 4234 353 4316 in
375 4233 486 4312 corde
501 4231 627 4314 nostro
646 4232 803 4331 pontum
821 4235 1033 4409 habemus.K
1051 4232 1087 4304 si
1106 4254 1185 4323 voe
1294 4311 1295 4316 i

931 4345 934 4350 ’
1027 4350 1137 4411 ime
