2734 4859
441 526 807 606 HOMILIA
856 530 906 608 V.
1113 561 1198 631 ¹401
1280 555 1283 561 ’

141 687 284 768 unone
301 703 470 786 purgatus
487 688 673 766 &sanatus
692 712 712 765 a
733 689 1012 768 contritionibus
1027 691 1087 772 fit:
1115 697 1202 772 lim·

141 815 215 862 miei
239 795 323 862 mim
342 787 381 866 U
403 815 461 861 nos
472 791 663 890 insimili,
696 789 897 888 hfipienrei,
928 811 1073 866 errantes
1090 845 1101 884 ,
1119 799 1201 884 ¹ser·

139 895 269 962 vientes
297 889 451 982 defidesiis
476 889 517 966 U
543 890 757 986 voluptatibus
783 892 924 986 pluribus
947 891 986 968 U
1009 899 1135 984 uariis,
1151 903 1201 970 'in

140 991 270 1060 molirier
294 991 332 1064 U
354 989 482 1061 invidia
502 1011 660 1084 ¹rigentes,
696 990 843 1075 odibiles,
876 995 1014 1062 odientes
1038 999 1197 1076 invicem:

143 1103 335 1159 remantem
351 1087 527 1180 benignitas
545 1089 589 1165 U
598 1091 782 1161 humanitas
798 1093 1123 1187 appareirsolvaroris
1141 1119 1201 1166 no-

135 1187 200 1286 ]lri
220 1191 302 1272 Dei,
325 1206 382 1282 per
406 1190 569 1259 lavacrum
591 1194 831 1282 regenerationis
851 1187 978 1262 effudit
999 1193 1198 1267 misericor·

141 1286 233 1359 diam
256 1284 349 1359 suurn
375 1285 476 1379 super
502 1307 581 1359 nos.
650 1283 824 1361 Caeterum
852 1289 937 1359 illud
960 1291 1197 1381 apostolicum
1282 1291 1284 1296 ’

139 1383 297 1477 dictum,
324 1384 425 1475 cujus
443 1384 733 1477 semelmemini,
761 1387 916 1481 apertius
938 1389 1115 1464 elucidare
1131 1413 1195 1464 co·

138 1486 266 1557 nabor.
316 1482 445 1575 Neque
464 1487 555 1557 euim
572 1487 679 1557 dixit:
709 1487 843 1556 Erimus
862 1489 1029 1582 aliquando
1045 1490 1104 1582 inst
1124 1495 1197 1562 ien-

139 1601 208 1668 res,
231 1588 404 1668 issereduii',
433 1582 489 1656 sed
518 1583 642 1656 Paulus
667 1583 879 1676 apostolus,
916 1587 1042 1676 quiex
1069 1511 1194 1682 isiaci,

139 1682 292 1772 quierat
312 1680 498 1756 secundum
517 1705 615 1775 eam,
644 1704 720 1772 quae
738 1687 771 1754 iii
793 1684 871 1780 lege
889 1680 938 1753 est
954 1682 1120 1774 justitiam
1143 1689 1196 1760 in·

139 1781 327 1873 culpatum,
354 1783 426 1853 ait:
465 1785 600 1852 Esnmses
619 1789 702 1851 enim
718 1785 883 1879 alipiinndo
902 1780 941 1857 U
956 1809 1036 1869 sior,
1067 1786 1126 1875 qui
1147 1807 1195 1860 ex

137 1877 265 1971 Israel,
292 1881 464 1958 insidosi,
496 1882 682 1975 infipiesiies.
732 1887 853 1971 ltaque
871 1901 945 1953 non
966 1878 1101 1973 solum,
1130 1885 1193 1976 qui

138 2000 184 2050 eii
208 1981 389 2075 gentibus,
417 1980 615 2072 insipientes
634 1991 758 2070 erant,
785 2000 902 2071 neque
920 1977 983 2050 soli
1001 1981 1048 2050 illi
1065 2002 1193 2074 pecca-

137 2092 264 2168 tores,
299 2079 354 2148 sed
378 2079 496 2150 &nos
521 2080 635 2173 legem
663 2078 807 2166 edocti,
833 2079 921 2151 tales
942 2098 1079 2151 eramus
1106 2096 1191 2155 ante

138 2177 333 2248 adventum
362 2175 500 2252 Christi.
558 2176 724 2249 Postilla
750 2179 887 2272 igitur,
922 2197 998 2266 quae
1019 2178 1062 2250 ad
1086 2175 1192 2254 Israel

138 2274 229 2348 dista
248 2274 351 2365 sunt,
387 2276 431 2348 ad
452 2298 550 2364 nos,
591 2276 648 2366 qui
670 2298 713 2349 ex
735 2263 900 2374 gentibus
924 2272 1071 2369 snmus,
1106 2278 1193 2351 dici·

137 2389 219 2446 tur:
259 2380 469 2478 lieverrimin'
483 2377 552 2468 filii
577 2391 794 2464 reuertentes,
830 2373 870 2453 U
886 2375 1003 2464 sanabo
1022 2382 1192 2451 conicitis·

137 2497 193 2544 nes
210 2474 335 2567 uestros.
1047 2561 1050 2566 Ι

214 2595 246 2645 e.
273 2572 341 2643 Sed
368 2572 496 2643 dixerit
519 2572 666 2663 aliquis:
698 2572 773 2647 haec
791 2568 881 2646 ditia
903 2569 983 2646 sunt
1003 2573 1045 2645 ad
1060 2573 1187 2666 Israel,

136 2684 179 2742 tu
197 2693 288 2742 uero
306 2672 411 2743 trahis
428 2693 468 2742 ea
482 2673 523 2743 ad
540 2673 643 2763 illos,
670 2673 787 2763 quiex
805 2671 968 2766 gentibus
982 2669 1072 2749 sunt.
1109 2674 1190 2746 Vo-

137 2759 435 2863 lumus'probare,
454 2776 537 2841 ‘nori
550 2770 667 2843 multis
680 2769 892 2861 interiesiis,
918 2767 1094 2862 sedmox,
1125 2773 1189 2845 ubi

138 2871 269 2960 alloqui
288 2871 366 2940 vult
384 2869 542 2941 lsraelem
565 2868 608 2940 de
622 2869 880 2958 conversione,
906 2865 1039 2941 Israelis
1051 2890 1189 2945 nomeu

139 2971 282 3061 apponi.
335 2966 603 3057 Consequenter
627 2989 755 3060 nempe
779 2966 928 3039 dicitur:
962 2969 1003 3036 Si
1021 2969 1187 3057 eonnssfiis

132 3067 243 3162 fuerit
266 3068 382 3157 lsrael,
406 3071 648 3145 nimiminus,
672 3073 712 3137 ad
726 3091 772 3136 me
785 3080 1005 3136 converremr:
1031 3063 1069 3139 U
1087 3065 1115 3160 β
1130 3069 1187 3138 ab·

131 3166 258 3264 finierit
277 3167 522 3238 abominationes
537 3169 608 3252 suns
630 3168 664 3236 de
681 3190 731 3237 ore
748 3166 827 3250 siro,
854 3161 891 3239 U
911 3190 931 3233 a
943 3163 1031 3256 facie
1052 3189 1117 3237 mee
1138 3192 1185 3238 rs·

138 3266 402 3357 meminissent,
426 3264 464 3340 U
478 3269 665 3361 juraverit,
693 3269 785 3334 nivis
805 3267 984 3350 Dominus,
1008 3288 1077 3334 cum
1096 3272 1196 3358 verig

136 3381 224 3449 lure,
257 3366 427 3461 injudicio
444 3362 644 3460 anslirr'n3
684 3362 723 3438 U
748 3365 921 3432 diiudicent
944 3365 980 3430 iss
1004 3388 1036 3432 eo
1056 3382 1177 3456 gentes.

135 3465 260 3536 Priora
271 3464 375 3559 igitur
390 3462 479 3535 dista
499 3460 578 3534 sunt
596 3464 638 3533 ad
652 3483 743 3553 eos,
770 3461 828 3553 qni
846 3482 890 3532 ex
904 3461 1066 3556 gentibus
1085 3461 1181 3536 sunt:

135 3563 262 3635 deinde
276 3584 355 3634 cum
365 3563 549 3654 plenitudo
568 3562 938 3655 gentiumintraverir,
959 3573 1045 3631 tunc
1065 3565 1182 3636 omnis

133 3658 239 3735 Israel
259 3661 372 3734 salvus
387 3663 474 3751 erit,
501 3676 541 3733 ut
560 3662 596 3732 in
620 3659 767 3752 epistola
787 3658 828 3729 ad
843 3656 1028 3730 Romanos
1048 3657 1181 3753 scripsit

134 3759 348 3854 Apostolus.
404 3759 596 3852 Adverte,
628 3780 701 3850 quo
721 3757 823 3851 pasto
844 3778 911 3828 nos
940 3755 1037 3830 Deus
1059 3780 1182 3833 rever-

135 3873 254 3931 tentes
273 3857 427 3951 pcrsecie
442 3860 577 3930 reverti
592 3859 826 3946 adhortetur,
852 3853 1047 3950 spondens,
1073 3859 1179 3932 sinos

134 3972 361 4032 revertentes
380 3956 510 4030 reversi
530 3957 697 4030 fuerimus
715 3957 756 4027 ad
777 3975 884 4046 eum,
911 3955 1044 4030 nostras
1062 3955 1096 4029 se
1116 3976 1180 4049 per

133 4055 253 4154 jesum
265 4055 438 4129 Christum
455 4053 651 4130 sanaturum
671 4054 919 4128 contritiones.
970 4051 1052 4129 Nos
1073 4076 1180 4146 vero,

139 4156 198 4254 qui
220 4175 337 4245 neque
362 4154 586 4253 cunsiamur,
618 4175 735 4248 neque
762 4152 801 4226 iu
824 4150 932 4230 suune
953 4173 1112 4245 moram,
1138 4170 1179 4226 ut

189 4258 335 4351 origenis
362 4251 450 4328 Tim.
477 4257 546 4334 IX,
740 4249 804 4326 Cc
1028 4249 1130 4326 lsrael
