2734 4859
400 515 917 666 ‚nomruruflrrt
955 591 1007 644 ²1
1123 607 1192 683 301

135 765 201 830 aot
217 744 505 822 circumcidimur
516 743 741 841 spiritaliter,
760 743 820 820 'isti
832 765 926 822 vero
938 745 1192 840 preciduntur.
1216 717 1226 732 ’

132 848 294 946 intellige
319 847 459 938 itaque,
495 843 873 950 quomodosapieptia
894 844 1010 920 seculi
1027 845 1198 942 hujus'd't·

131 950 331 1046 principum
359 947 479 1020 mundi
504 945 600 1020 istius
617 945 1052 1040 maledicuntsapientiae:¹
1083 949 1190 1024 &ob

128 1049 202 1126 hoc
221 1049 391 1142 queritur
406 1048 539 1138 homo,
566 1033 811 1140 quicumistia
830 1044 962 1139 septem
978 1047 1196 1141 spiritalibus·

128 1151 234 1225 velut
258 1148 463 1222 mulieribus
477 1147 547 1239 ¹iit,
581 1160 625 1219 ut
643 1145 779 1220 auferat
795 1168 923 1222 earum
940 1150 1189 1242 opprobrium.

128 1246 575 1344 Proprieunusesthomo,
589 1248 648 1339 qui
662 1244 927 1321 auderate'arum
939 1251 1199 1340 opprobrium..

96 1345 99 1352 '
128 1350 220 1452 Quia
242 1348 293 1423 est
309 1345 373 1422 istc
389 1345 540 1422 :homo-2
562 1345 767 1440 Jesus,:qui
792 1349 909 1421 exivit
925 1348 1028 1440 juxta
1042 1369 1188 1425 carnem

127 1449 316 1524 deradice
339 1446 453 1543 Jcii‘e,
488 1445 601 1520 fastus
627 1469 671 1520 ex
696 1445 827 1521 semine
853 1447 974 1521 David
997 1447 1193 1525 secundum

127 1569 292 1636 carnem,
319 1546 584 1640 predestinatus
601 1544 781 1632 fiiiue'Dei
793 1552 836 1621 iit
856 1549 993 1621 virtute
1002 1549 1105 1640 juxta
1118 1545 1193 1640 spi·

125 1649 236 1724 ritum
255 1644 533 1743 justificationis:
589 1645 846 1744 Exiitquippe
874 1649 975 1746 virga
998 1648 1043 1721 de
1068 1647 1202 1724 radice:

125 1745 229 1845 Jesse.
280 1749 393 1844 Virga
411 1768 489 1822 non
507 1746 558 1821 est
581 1749 979 1848 primogenitusomnis
1003 1759 1189 1843 creature,

127 1851 231 1946 virga
247 1868 325 1922 non
342 1847 413 1940 est,
440 1850 551 1939 quiin
565 1849 744 1942 principio·
755 1865 834 1924 erat
851 1849 945 1945 apud
959 1848 1076 1921 Deum
1089 1847 1189 1922 Deus

127 1952 301 2040 verbum,
324 1944 382 2021 sed
404 1946 503 2043 viiga
522 1948 568 2020 de
581 1948 707 2022 radice
716 1948 830 2044 Jeffe,
859 1950 918 2040 qui
930 1950 1191 2042 juxtacaniem

85 2075 88 2194 i
124 2043 583 2242 dimidiis?
605 2048 912 2247 sideri?
928 2047 1058 2241 isit
1071 2046 1192 2221 {essii

85 2207 87 2218 ι
889 2204 901 2242 ’
1178 2188 1193 2206 ⁸

127 2245 216 2322 dixi
244 2245 368 2320 Ambo
394 2249 488 2321 enim
510 2249 547 2320 in
569 2267 682 2323 unum
700 2247 847 2345 idipsum
867 2246 1059 2341 subjacent.
1081 2267 1084 2278 ·
1111 2246 1193 2321 Dif-

125 2347 283 2423 ferentia
300 2360 418 2420 autem
437 2346 489 2422 est
506 2350 750 2444 negotiorum.
800 2348 895 2424 Nam
911 2349 935 2424 sr
951 2360 1123 2444 peccator
1134 2368 1191 2441 er,

124 2469 203 2525 aon
230 2446 370 2521 esttibi
391 2445 482 2538 flos,
518 2469 636 2541 neque
659 2449 800 2522 videbis
813 2448 963 2543 florem,
999 2451 1059 2542 qui
1077 2446 1128 2526 est
1144 2469 1201 2522 ex.
1260 2447 1262 2452 ’

125 2549 247 2622 radice
262 2545 364 2639 jesse.
414 2549 552 2620 Veniet
570 2551 663 2622 euim
685 2549 719 2634 ,ἀ
738 2549 781 2636 ad
803 2563 841 2623 te
861 2553 976 2646 virga,
1003 2547 1209 2641 quomodo·

127 2646 320 2741 discipulus
337 2648 446 2744 virgae
465 2650 498 2720 dr
515 2648 614 2721 floris
633 2649 805 2742 loquitur.
856 2649 915 2722 De
932 2650 1032 2745 virga
1049 2649 1193 2741 quidem

128 2749 235 2822 dicit:
269 2751 359 2841 Quid
379 2750 504 2831 uultis,
539 2757 576 2818 in
597 2756 691 2843 uirga
710 2754 839 2822 ueniam
860 2753 901 2820 ad
914 2755 997 2819 voti
1024 2749 1083 2821 De
1098 2748 1192 2821 flore

127 2869 242 2921 vero:
271 2853 325 2918 An
335 2855 370 2916 in
380 2848 540 2920 charitate
550 2844 1068 2944 Dissispirirumcnfuerudinis?
1092 2846 1193 2920 Exiit

128 2969 218 3045 ergo
232 2947 278 3021 de
294 2947 414 3020 radice
433 2945 523 3042 Jesie
545 2950 644 3046 virga
659 2949 836 3042 sapientie
850 2951 903 3042 ei,
931 2950 990 3041 qui
1011 2947 1192 3042 suppliciis

124 3047 314 3142 pletiitur,
348 3049 449 3144 virga
469 3049 523 3140 ei,
553 3053 612 3143 qui
635 3051 770 3147 indiget
787 3051 1058 3142 increpatione,
1090 3048 1193 3143 virga

126 3149 177 3228 ei,
203 3148 265 3239 qui
284 3146 422 3220 necesse
436 3150 564 3231 habet,
590 3164 632 3221 ut
648 3164 834 3246 arguatur:
860 3149 929 3222 flos
947 3169 1039 3222 vero
1057 3148 1104 3237 ei,
1131 3146 1192 3238 qui

122 3247 194 3341 jam
218 3248 379 3320 eruditus
405 3248 477 3339 est,
514 3248 548 3321 δι
574 3271 650 3322 non
675 3252 811 3344 indiget
831 3248 918 3322 dura
939 3247 1190 3339 corredione,

127 3349 188 3420 vel
205 3359 308 3420 certe
325 3369 401 3421 non
420 3348 556 3444 indiget
575 3350 718 3440 poenis,
739 3346 798 3422 sed
816 3350 951 3421 valenti
965 3347 1191 3441 jam-florere

124 3446 308 3540 incipere,
345 3447 446 3519 &ad
467 3447 663 3539 perfesium
686 3448 839 3522 frustum
869 3451 979 3525 exire.
1035 3447 1193 3522 Primum

129 3548 225 3620 enim
249 3545 319 3619 flos
344 3546 564 3641 ostenditur,
597 3549 726 3622 deinde
746 3547 828 3642 post
846 3548 976 3624 florem
999 3549 1101 3643 virga
1128 3545 1194 3640 fit,

126 3644 160 3718 u
178 3646 223 3719 ad
250 3644 404 3720 fruuum
422 3651 508 3721 exit.
557 3645 655 3721 Exiit
675 3651 778 3744 virga
800 3647 845 3721 de
871 3650 992 3722 radice
1010 3645 1121 3744 Jeffe,
1157 3647 1192 3720 dt

125 3744 196 3819 flos
209 3746 388 3819 deradice
402 3747 476 3838 ejus
496 3748 674 3836 ascendet,
702 3747 973 3839 &requiescent
989 3748 1091 3842 super
1109 3767 1192 3822 eum

124 3841 262 3938 septem
277 3848 464 3938 mulieres,
503 3845 643 3939 spiritus
660 3849 829 3940 Domini,
858 3847 997 3943 spiritus
1014 3848 1193 3943 sapientiae

124 3943 158 4017 dr
186 3946 389 4020 inteliesius
422 3945 621 4037 requiescet
649 3949 871 4042 supereum.
923 3947 1074 4042 Spiritus
1098 3950 1203 4021 enim.

123 4042 307 4138 sapientiae
326 4068 403 4119 non
422 4047 605 4139 requievit
625 4049 660 4120 in
681 4048 834 4141 Moyse,
861 4047 1001 4143 spiritus
1016 4048 1193 4140 sapientiae

123 4163 198 4218 non
224 4150 408 4238 requievit
433 4150 471 4219 in
493 4143 575 4241 Jesu
596 4146 726 4230 Nave,
760 4149 901 4241 spiritus
917 4148 1095 4241 sapientie
1115 4167 1193 4222 non

123 4246 307 4359 requievit
328 4246 367 4323 in
385 4247 528 4347 ungulis
552 4248 836 4347 prophetarum,
862 4251 899 4331 in
923 4248 1028 4342 isaia,
1055 4247 1194 4430 igme·

130 4359 252 4426 remia.
1006 4374 1047 4439 a,
1109 4369 1158 4426 ec
