2734 4859
368 588 796 672 ·HOMIL·1A'
831 590 949 676 XIV.
1028 641 1031 646 -
1130 594 1203 686 561

204 751 233 827 'e
276 752 437 830 entilium
457 752 578 832 saltem
600 753 804 838 transitorie
826 776 904 831 non
931 746 1071 830 excutit
1096 701 1202 840 einr
1231 829 1234 849 ,

179 847 232 926 uis
269 849 453 930 udaeorurn
467 877 545 929 non
561 855 606 929 de
627 853 820 929 christianis
834 852 1022 947 loquitur?
1048 857 1139 955 Quis
1154 857 1202 932 de

139 951 389 1047 pbilosophis?
414 955 505 1054 Quis
515 954 560 1028 de
568 953 768 1050 imperitis?
783 951 928 1045 Ubique
938 952 1094 1029 Christus
1108 957 1199 1030 con·

139 1052 327 1126 demuntur
349 1066 456 1144 atque
474 1051 706 1129 discernitur:
737 1054 831 1127 &ub
853 1054 929 1127 uiiir
951 1052 1095 1147 quidem
1111 1076 1201 1127 con·

139 1151 347 1243 demnatur,
373 1156 417 1225 ab
435 1154 511 1226 aliis
522 1175 598 1227 non
615 1153 887 1227 condemnetur.
937 1151 974 1224 Si
988 1167 1106 1229 autem
1121 1174 1200 1230 non

139 1249 416 1345 condemnetur,
453 1254 678 1348 excipietur3
705 1256 841 1346 aperies
860 1255 893 1325 ei
911 1250 1064 1342 ostium,
1090 1252 1125 1326 dr
1146 1255 1200 1329 in·

181 1350 320 1431 edietur
346 1352 482 1440 ad‚te;
517 1353 632 1426 credis
656 1354 694 1426 in
715 1374 825 1440 eum,
870 1349 1035 1426 vescetur
1062 1364 1195 1430 tecum.

163 1447 174 1519 i
202 1471 294 1524 vero
320 1443 365 1522 de‘
382 1451 555 1548 religione
578 1451 722 1534 audiens
749 1448 961 1536 christiana,
987 1471 1062 1524 non
1089 1472 1197 1547 cepe·
1240 1473 1246 1482 ·

136 1548 187 1619 rie
205 1569 311 1629 eam,
344 1549 431 1622 nihil
453 1552 546 1640 eliud
564 1549 702 1642 iacies,
733 1569 837 1641 quam
853 1549 1114 1623 condemnabis
1139 1552 1198 1647 Je-

137 1645 236 1739 sum,
261 1663 303 1717 ut
317 1650 542 1742 mendacem,
569 1664 611 1724 ut
625 1647 845 1724 seductorem
863 1651 900 1723 in
922 1668 1082 1723 errorem
1096 1670 1198 1724 mun·

137 1747 221 1820 dum
249 1748 459 1827 trahentem.
514 1750 614 1846 Quafi
639 1775 729 1851 quem
751 1774 799 1820 me
815 1750 949 1847 genuisti
968 1754 1101 1838 uirum,
1138 1754 1197 1847 qui

129 1850 259 1944 judicer
284 1846 321 1922 tr
342 1850 502 1930 drriemm
526 1857 610 1920 omni
634 1867 737 1938 terre.
794 1850 1022 1945 Quicumque
1049 1849 1193 1940 penitus

138 1946 257 2017 einon
271 1946 446 2037 credunt,
472 1949 714 2024 condemnant
729 1948 837 2021 ilium.
890 1950 962 2046 Qui
981 1964 1100 2022 eutem
1118 1968 1195 2021 cre·

135 2043 252 2137 dune,
285 2045 456 2118 &adbuc
477 2050 567 2120 ambi
608 2062 690 2139 rut,
724 2046 918 2138 diiudicant
940 2048 1058 2122 dium.-
1101 2047 1191 2119 Duo

134 2144 243 2241 igitur
265 2145 356 2236 apud
379 2145 541 2218 homines
597 2145 723 2220 hristus
748 2148 973 2240 perpetitur:
1007 2146 1050 2218 ab
1078 2146 1195 2219 incre·

132 2244 223 2315 dulit
265 2244 556 2331 condemnatum
599 2247 642 2318 ab
672 2245 930 2339 ambigentibus
968 2242 1191 2321 discernitur.

133 2342 170 2415 Si
184 2356 309 2436 portes
326 2343 512 2439 imaginem
524 2344 675 2431 ,coeiestis
693 2343 852 2442 deposita
872 2345 1192 2441 imagineterreni,

132 2462 210 2515 nun
236 2463 274 2513 es
298 2459 393 2514 terra
417 2444 658 2517 condemnans
683 2465 788 2539 eum,
815 2464 930 2535 neque
950 2444 988 2518 in
1010 2457 1106 2517 terra
1131 2457 1194 2519 tua

128 2539 309 2634 judicetur
329 2557 435 2633 atque
453 2540 671 2620 discernitur.
777 2636 779 2638 Ι

206 2659 241 2736 9.
274 2643 390 2711 Virtus
415 2666 479 2712 mea
498 2641 608 2733 defecit
636 2651 672 2713 in
691 2643 775 2726 iris,
808 2645 865 2737 qui
889 2639 1077 2713 meledicunt
1097 2641 1189 2717 mibi.

130 2735 332 2830 Apostolus
348 2741 508 2831 loquitur
529 2741 573 2814 de
590 2739 780 2815 Salvatore
800 2739 948 2832 nostro,
975 2742 1057 2831 quie
1075 2741 1193 2812 cruci·

132 2836 225 2911 fixus
244 2859 290 2910 ex
313 2837 520 2913 infirmitate
538 2840 590 2915 srt.
645 2838 713 2911 Cui
729 2839 928 2932 Prophetes
940 2838 1071 2911 ¹fimilia
1089 2839 1192 2912 testa·

132 2951 193 3011 tur
213 2940 357 3010 dicens:
387 2944 520 3010 Domine
533 2946 604 3037 quis
619 2943 750 3026 credidit
767 2944 897 3009 auditui
918 2940 1037 3034 nostre,
1063 2937 1100 3014 (i
1121 2940 1193 3011 ire·

134 3041 237 3107 chium
263 3053 375 3124 tuum,
403 3044 453 3107 cui
473 3039 644 3110 'reveratum
667 3033 738 3138 ιβὲ
760 3040 1024 3110 Annuntiaiitur
1037 3059 1138 3109 terant
1156 3063 1191 3109 eo

122 3137 206 3236 sicut
224 3136 364 3230 infans,
380 3140 462 3234 ficut
479 3142 571 3209 radix
591 3146 627 3208 in
643 3157 731 3211 terra
741 3139 880 3236 fitienti.
932 3140 1010 3211 Nun
1028 3137 1067 3237 ιβ
1079 3139 1191 3235 [perier

131 3245 180 3328 ei,
207 3262 305 3334 neque
322 3238 452 3330 gluria3
484 3240 623 3308 vidimus
645 3264 741 3330 eum,
767 3240 805 3315 U
828 3261 891 3309 nen
909 3237 1040 3310 habebat
1058 3237 1191 3335 speciem

129 3361 228 3434 neque
245 3336 414 3428 fernam,
439 3336 501 3427 sni.
509 3337 624 3434 species
648 3342 715 3435 ejus
741 3339 962 3427 inhonorata,
987 3337 1026 3414 ὅ
1044 3340 1190 3425 deficiens

127 3446 211 3509 cirta
230 3438 319 3527 fliius
345 3440 516 3511 hominurn.
584 3442 681 3508 Hono
706 3442 743 3507 in
761 3440 851 3532 plaga
876 3436 915 3513 U
936 3436 1058 3523 desere,
1087 3438 1190 3524 [ciem

121 3538 215 3632 serre
234 3540 480 3629 infirmium,
505 3544 582 3635 quia
598 3538 710 3626 aversa
731 3537 770 3633 est
793 3536 890 3623 [acin
911 3540 977 3633 ejus
998 3539 1188 3632 depreciatur

128 3637 240 3734 εβπει
257 3652 460 3733 computatus.
513 3641 575 3709 Hic
590 3656 714 3734 peccata
734 3636 839 3733 nessra
855 3635 947 3728 fert,
974 3633 1014 3711 U
1027 3657 1083 3731 pro
1097 3636 1187 3708 nobis

130 3738 212 3807 dolet
219 3763 230 3831 3
257 3738 294 3814 dt
310 3762 368 3808 nos
383 3738 631 3834 existimavimus
648 3790 660 3831 ‚
688 3734 893 3824 indoloriius
908 3737 976 3806 'eum
993 3733 1067 3831 effe,
1094 3738 1134 3813 U
1147 3742 1187 3807 in

124 3819 217 3936 finge
230 3837 269 3912 U
284 3841 322 3907 in
341 3844 520 3909 vexatinre.
580 3837 642 3933 ipse
659 3851 766 3907 autem
788 3837 1003 3928 uulneratus,
1033 3832 1073 3912 ὅ
1093 3838 1186 3927 infir·

128 3952 234 4006 marus
251 3936 289 4033 ιβ
305 3955 434 4033 propter
455 3941 645 4035 iniquitates
664 3936 797 4033 nostres.
849 3934 1006 4008 Dotirina
1026 3940 1110 4033 pacis
1130 3960 1187 4006 ne·

125 4038 196 4134 βνι
213 4035 413 4129 supereum
437 4037 547 4116 burte·
561 4042 625 4133 ejus
637 4036 753 4128 senati
767 4035 889 4124 sumus.
941 4033 1053 4130 Igitur
1074 4030 1185 4106 susce·

128 4138 184 4233 pit
212 4132 433 4210 infirmitates
455 4150 688 4231 peccatorum
712 4134 941 4226 nostrorum,
967 4134 1000 4207 dr
1023 4134 1188 4230 portavit

127 4257 219 4328 nos,
246 4234 400 4308 &venit
419 4236 466 4310 'ud
486 4256 574 4334 eos,
601 4236 662 4331 qui
678 4234 938 4312 maledicebant
956 4232 1041 4329 sibi,
1067 4232 1202 4306 &vir··

180 4339 326 4435 origenis
355 4327 443 4412 Tem.
471 4338 539 4414 IX.
746 4331 823 4410 Nn
1079 4344 1143 4402 tue
