2734 4859
85 178 1236 448 .-

425 579 893 661 nouitate-u.
1112 611 1186 690 419

116 741 174 824 .ιὰ
191 742 434 837 curationem,
460 741 555 818 stc&
572 741 611 816 in
625 742 882 838 converiione,
910 757 951 820 ut
967 744 1186 842 perfecisse

127 863 221 943 pure
241 843 285 916 ad
298 840 417 920 Deum
431 842 622 916 converfio
639 839 713 919 fiat.

207 962 263 1016 11.
289 940 374 1014 Post
390 941 465 1016 haec
486 941 529 1016 de
546 939 671 1014 lsraeie
693 941 779 1018 dicit
798 941 926 1017 Deuss
957 945 999 1014 Si
1018 949 1185 1037 esnensis

116 1041 231 1144 suerit
257 1042 354 1131 israel
375 1043 414 1115 od
435 1066 500 1126 ne,
526 1042 604 1114 dicit
633 1045 819 1129 Dominus,
852 1047 948 1113 eriam
965 1062 1178 1129 convertetur,

126 1143 216 1218 Hoc
240 1137 319 1234 est,
354 1137 556 1234 fiperfedie
582 1141 775 1220 conversus
799 1139 931 1232 fuerit,
965 1141 1071 1218 etiam
1095 1167 1185 1220 con·

130 1238 297 1313 versione
320 1255 577 1322 convertetur,
602 1238 694 1331 quafi
715 1242 883 1312 converti
902 1242 1056 1334 incipiat.
1109 1244 1185 1321 De·

128 1339 213 1416 inde
235 1340 308 1411 ait:
338 1339 384 1412 Et
401 1339 600 1436 fiaisialetit
617 1337 863 1409 diminutiones
880 1341 952 1430 [aas
977 1344 1012 1411 de
1032 1367 1083 1412 ate
1101 1347 1182 1440 luo,

129 1441 169 1518 U
187 1466 207 1510 a
215 1436 302 1532 facie
323 1463 390 1510 mea
411 1444 567 1510 reveritus
580 1437 711 1531 fuerit,
736 1436 775 1515 U
786 1444 975 1538 juraverit,
1000 1447 1093 1516 vivit
1115 1449 1184 1515 Do.

130 1542 239 1612 minus
257 1537 294 1608 in
311 1545 466 1624 veritate,
485 1541 522 1612 U
535 1544 571 1608 in
584 1540 721 1634 judicia,
740 1539 778 1615 U
792 1546 828 1609 in
836 1539 983 1634 jusiitias
1008 1539 1046 1619 U
1062 1541 1183 1614 teneat·

131 1655 202 1712 ems
222 1643 260 1708 in
280 1662 311 1708 ea
325 1655 443 1732 gentas.
494 1636 529 1710 Si
546 1639 623 1712 haee
638 1635 816 1730 fecerint,
847 1637 1063 1711 benedicent
1080 1640 1115 1713 in
1134 1663 1182 1716 eo

131 1751 268 1835 gentes.
326 1738 495 1836 Quaenam
519 1755 631 1828 porto
656 1734 737 1808 sunt
757 1737 855 1828 haec,
881 1756 958 1825 qua
979 1733 1100 1813 facere
1122 1739 1183 1813 de-

128 1835 261 1928 beant,
286 1850 327 1910 ut
342 1835 556 1910 benedicant
570 1837 606 1906 in
623 1854 669 1907 eo
684 1848 809 1931 gentes
826 1835 844 1908 i
875 1838 916 1906 Si
931 1837 1088 1933 aifluiesit
1111 1839 1183 1912 aba·

130 1941 324 2010 minutiones
341 1940 377 2007 de
396 1961 448 2008 ose
459 1934 526 2024 suo.
575 1932 673 2034 Quid
697 1950 813 2007 autem
835 1932 909 2027 est,
934 1934 1075 2010 auferte
1096 1940 1183 2011 abo·

128 2033 344 2130 minationes
360 2034 406 2107 de
425 2053 492 2132 ote¹
507 2033 603 2106 suoi
638 2035 871 2130 Quocunque
895 2036 986 2106 mele
1010 2035 1182 2131 dicimus,

131 2135 416 2208 abominationes
440 2135 519 2220 sunt
549 2135 584 2205 in
607 2151 672 2206 ore
695 2130 830 2207 nostro.
882 2131 1094 2207 Auferamus
1120 2136 1182 2232 igi·

132 2247 193 2304 tur
218 2231 498 2306 abominationes
520 2230 563 2302 de
587 2251 650 2303 ote
669 2229 814 2326 nostro,
847 2230 1041 2307 auferendo
1068 2234 1185 2308 detra·

115 2329 290 2428 titiones,
325 2332 596 2421 verminante,
631 2325 771 2423 otiosa,
803 2352 848 2406 ex
870 2333 995 2421 quibus
1015 2329 1180 2410 futurum
1287 2336 1288 2339 ‘

130 2429 205 2524 est,
231 2432 330 2505 utin
352 2431 408 2504 die
429 2430 550 2522 judicii
573 2431 623 2502 rei
642 2428 764 2504 fimus.
809 2431 864 2501 Ex
881 2431 986 2501 verbis
1006 2439 1091 2503 enim
1113 2440 1182 2508 tuis

126 2531 366 2629 justificaberis,
391 2537 429 2604 U
448 2555 485 2599 ess
501 2531 606 2599 ostiis
629 2536 695 2597 tuis
712 2528 969 2604 condemnaberis.
1017 2529 1052 2604 Si
1075 2532 1183 2629 igitur

130 2633 322 2722 volumus,
349 2641 389 2699 ot
411 2630 595 2723 contingat
615 2629 721 2700 nobis
743 2627 851 2702 iilud:
877 2627 924 2701 Et
945 2629 1123 2703 benedicent
1143 2637 1184 2703 in

132 2755 165 2802 eo
184 2745 312 2822 gentes,
337 2727 375 2804 U
398 2731 435 2798 in
453 2754 484 2798 eo
502 2728 621 2799 laudem
643 2731 746 2798 disent
768 2731 833 2798 Deo
849 2732 884 2798 in
911 2729 1106 2824 JerusaIM,
1133 2729 1184 2803 fa·
1270 2723 1272 2732 ¹

130 2829 285 2922 ciamus,
313 2848 389 2918 quae
410 2827 515 2899 initio
541 2827 703 2900 diximus.
762 2827 877 2924 Quale
895 2840 1012 2900 autem
1037 2826 1087 2901 est
1113 2829 1186 2924 pti·

130 2925 254 3019 mum?
293 2921 448 2998 Auferre
469 2925 751 3014 abominationes
777 2924 822 2997 de
845 2946 911 2998 ore
932 2925 1069 3001 nostr0.
1121 2925 1183 3001 Se-

134 3027 254 3118 quitur
277 3025 385 3097 illud:
417 3025 539 3116 afocie
558 3051 621 3093 osea
646 3029 801 3094 severitus
818 3023 937 3114 fuerit.
988 3023 1073 3098 Hoc
1097 3027 1185 3100 alte·

118 3127 211 3216 ,runi
223 3124 411 3212 faciamus,
427 3144 502 3196 non
518 3123 718 3214 simpliciter
726 3172 739 3208 ,
754 3138 794 3195 ut
812 3123 1058 3211 revereimur3
1085 3123 1186 3198 forte

131 3225 225 3298 enim
243 3222 292 3295 est
306 3220 460 3314 quedam
473 3224 694 3313 reverentia,
722 3243 798 3315 quae
816 3243 890 3295 non
907 3223 948 3296 stt
961 3244 979 3293 a
994 3221 1085 3299 facie
1102 3221 1182 3298 Dei.

133 3324 209 3418 Qni
231 3325 334 3417 igitur
359 3325 492 3414 absque
513 3318 655 3393 scientia
677 3337 910 3409 reverentur,
936 3321 1095 3398 revereri
1123 3342 1183 3395 au·

131 3437 205 3496 tem
222 3420 281 3493 irbi
293 3437 522 3515 proponunt,
548 3440 624 3492 non
639 3441 657 3506 a
671 3417 761 3492 facie
778 3418 846 3492 Dei
866 3437 1095 3508 reverentur:
1123 3420 1184 3511 qui

132 3536 251 3594 autem
277 3542 356 3594 cum
374 3519 517 3592 scientia
532 3536 768 3610 reverentur,
796 3541 841 3590 eo
861 3519 958 3612 quod
978 3517 1113 3611 semper
1131 3519 1184 3591 in·

132 3634 328 3710 tueantur,
362 3618 395 3690 dt
422 3620 458 3689 in
484 3617 672 3709 semetipsis
698 3619 740 3689 ad
763 3618 886 3690 vivum
910 3620 1108 3710 exprimant
1132 3618 1185 3691 fa·

121 3720 225 3813 ¹ciem
245 3718 338 3811 Dei,
365 3738 441 3810 quae
463 3716 512 3789 est
526 3718 622 3809 super
641 3717 798 3808 facientes
821 3719 931 3809 maia,
965 3735 1002 3788 ut
1018 3720 1129 3814 perdat
1147 3720 1185 3792 de

120 3836 223 3910 „terra
247 3824 422 3887 memoriam
448 3817 591 3904 idaeum,
607 3820 610 3824 ’
625 3815 662 3888 hi
683 3814 785 3910 sunt,
811 3814 870 3908 qui
891 3838 910 3889 a
931 3815 1023 3890 facie
1038 3817 1108 3891 Dei
1128 3837 1185 3891 re·

134 3930 319 3991 verentur.
772 3997 774 4002 ,

214 4037 268 4090 12.
297 4020 337 4088 Si
352 4014 514 4112 aisiuiesis
533 4013 779 4086 abominationes
793 4013 920 4103 suasde
940 4038 992 4086 ose
1006 4013 1078 4107 sua,
1104 4013 1143 4092 U
1161 4038 1184 4088 a

126 4113 217 4212 satie
236 4140 308 4186 mea
321 4121 475 4186 severitus
488 4113 619 4208 suerit,
644 4112 683 4188 U
692 4119 878 4212 juraverit,
900 4119 991 4184 vivit
1012 4117 1186 4202 Dominus,

126 4220 172 4308 ¹s'ts
186 4220 348 4308 veritate,
373 4221 410 4296 U
429 4221 467 4288 iss
478 4213 658 4387 jssdics'ffll
672 4215 710 4282 in
721 4215 861 4315 justitia.
913 4209 1185 4290 confideremus
1215 4255 1218 4260 ·

555 4317 559 4324 ¹
686 4330 707 4386 2
978 4323 1144 4390 mimb-
