2734 4859
390 595 763 729 HOMlelA
809 597 925 683 XIV.
1108 591 1208 708 57'3

126 794 223 857 eum·
272 773 355 848 Nan
370 768 439 861 fedi
465 771 504 839 in
527 766 658 839 concisio
678 765 865 838 sumaim.
906 763 943 842 si
962 765 1107 861 quando
1128 771 1187 848 via
1211 760 1243 812 -’

129 879 239 955 debat
249 872 450 967 Prophetes
468 887 545 941 non
561 865 797 942 sollicitorum
815 867 1034 962 concilium,
1055 866 1114 944 sed
1132 873 1187 946 lu·-

129 979 312 1066 dentium,
338 970 498 1067 fugiebat
519 955 617 1043 illud.
670 965 778 1040 Unde
798 981 952 1062 oportet
963 965 1065 1042 noss'e
1084 969 1187 1046 diffe

128 1077 263 1152 centias
294 1070 558 1161 conciliorum,
593 1064 760 1160 solliciti,
797 1082 905 1160 atque
929 1067 1095 1143 ludentis.
1146 1073 1186 1150 Sl

128 1180 204 1254 hoc
226 1173 418 1248 concilium
441 1165 601 1242 nostrum
620 1164 811 1241 sollicitum
826 1164 897 1260 est,
921 1166 947 1242 s1
966 1169 1086 1244 omnia
1103 1191 1190 1254 cum

131 1263 363 1351 ecclesiastica
386 1268 568 1364 diligentia
584 1268 735 1359 querit,
759 1264 917 1342 srsermo
937 1288 1018 1342 cum
1036 1269 1187 1368 discipli·

130 1398 198 1467 na,
223 1374 344 1449 srvita
358 1359 594 1461 sollicitabit,
619 1365 804 1463 fiuegotia
819 1369 1072 1454 cumcautela,
1098 1391 1189 1452 con.

132 1477 254 1550 cilium
274 1470 347 1562 est,
371 1489 448 1544 uon
460 1467 679 1549 ludentium,
704 1465 763 1540 sed
778 1464 1023 1545 sollicitorum.
1073 1469 1111 1544 si
1126 1494 1187 1549 au·

130 1590 208 1649 tem
225 1567 455 1661 dereliquerit
471 1565 622 1643 studium
643 1565 854 1663 religionis,
880 1566 914 1639 dt
931 1574 1120 1644 vacaverit
1133 1573 1188 1648 lu·

129 1675 225 1750 sibus
245 1669 367 1746 mundi
384 1667 508 1758 iffiua,
533 1667 593 1759 qui
609 1668 762 1741 veniunt
774 1689 795 1740 a
809 1667 1012 1765 pravitate,
1038 1664 1082 1743 fit
1098 1691 1188 1768 con·

132 1775 254 1848 cilium
273 1767 484 1845 ludentium.
538 1766 606 1840 Ait
625 1765 746 1857 itaque
766 1765 990 1864 Propheteat
1024 1773 1107 1843 Non
1117 1773 1189 1865 sedi
1249 1779 1251 1784 '

134 1883 174 1947 in
197 1874 328 1944 concilio
352 1871 558 1951 ludentium,
584 1867 639 1959 sed
661 1865 804 1938 mandam
821 1894 842 1937 a
859 1865 946 1959 fatie
970 1893 1084 1942 manui
1110 1891 1186 1954 tue.

112 1973 226 2047 .Cum
254 1971 329 2052 duo
350 1969 437 2043 mihi
458 1963 572 2040 essent
593 1964 806 2060 proposita,
831 1961 953 2042 sedere
970 1968 1008 2043 in
1026 1973 1188 2050 concilio

129 2072 353 2162 ludentium,
379 2068 413 2143 u
429 2063 617 2142 offendere
635 2063 850 2159 majestatem
867 2080 988 2162 tuam,
1014 2084 1190 2178 authte

131 2175 274 2269 surgere
294 2170 340 2243 de
355 2188 426 2261 eo,
450 2166 485 2240 dt
504 2187 547 2241 ea
564 2164 708 2259 facere,
734 2185 811 2257 que
828 2166 893 2242 tibi
912 2168 1044 2262 placita
1061 2185 1191 2270 erant,

130 2273 244 2369 magis
264 2269 355 2364 elegi
377 2266 520 2364 surgere
539 2265 584 2340 de
599 2266 882 2363 congregatione
898 2267 1122 2368 ludentium,
1146 2283 1191 2350 ut

132 2375 267 2448 amicus
293 2383 376 2441 tuua
401 2365 534 2462 essem,
572 2386 677 2460 quam
696 2366 878 2441 conantia
897 2365 1058 2465 faciens,
1092 2373 1192 2449 inter

134 2492 221 2564 eoa,
247 2464 444 2562 quihostes
463 2464 566 2561 sunt,
591 2464 805 2561 computari.
856 2469 1012 2561 Masada·
1030 2477 1069 2543 in
1089 2481 1200 2548 conci.-

132 2574 181 2643 Iia
203 2572 399 2655 sudantium,
422 2568 472 2650 sed
489 2566 632 2639 timebant
651 2564 772 2661 afatr‘e
790 2589 906 2640 manns
928 2585 1000 2646 aare.
1049 2567 1192 2649 Et'sal.

133 2684 244 2746 vator
267 2666 389 2742 noster
413 2686 491 2741 non
513 2663 604 2742 sedit
622 2666 661 2741 in
687 2665 848 2740 concilio
868 2665 1096 2769 ludentium,
1128 2670 1191 2749 sed

132 2767 318 2845 surrexisse
340 2764 375 2841 se
397 2766 558 2862 docent,
582 2766 661 2841 ait:
690 2771 891 2840 Dim'ittetttr
905 2769 995 2839 vobis
1010 2773 1119 2844 dames
1133 2797 1192 2846 aaa·

125 2872 200 2973 flra
227 2871 355 2960 deserta.
405 2865 566 2960 Reliquit
590 2865 685 2940 enim
707 2864 824 2940 sernio
841 2866 911 2941 Dei
934 2868 1078 2944 divinus
1102 2891 1191 2950 con·

134 2971 255 3044 cilium
272 2967 505 3064 Judaeorum,
539 2966 574 3040 dt
596 2963 691 3040 aliud
714 2965 777 3041 libi
797 2967 992 3045 concilium
1010 2990 1057 3046 ex
1074 2971 1194 3073 genti·
1232 3055 1235 3066 ,

127 3074 198 3146 but
217 3068 465 3166 congregavit.
682 3068 684 3072 ’

214 3172 269 3242 16.
294 3169 386 3241 Solus
403 3166 549 3256 sedebant.
598 3163 649 3239 Et
662 3165 737 3260 ipse
753 3177 893 3242 tanturn
907 3168 981 3246 sane
997 3174 1195 3268 exposrtio·

131 3291 182 3345 ne
202 3268 316 3343 sermo
332 3263 483 3342 aedificat
500 3264 696 3342 audientes.
746 3270 904 3364 Quando
927 3269 979 3346 est
994 3275 1193 3353 multitudo
1265 3342 1267 3346 .

132 3369 390 3469 peccantium,
414 3387 483 3440 nec
504 3364 648 3439 sustinet
669 3362 786 3440 secum
802 3367 932 3462 justum
952 3371 1010 3468 pie
1034 3375 1196 3473 vivere,

85 3525 90 3534 .
136 3486 226 3543 tunc
241 3468 403 3564 indigens
425 3465 476 3539 est
494 3465 619 3560 sugere
636 3468 954 3564 congregationem
977 3492 1132 3571 eorum,
1156 3475 1194 3554 dt

134 3571 266 3644 imitari
284 3567 501 3661 Prophetanr
525 3567 762 3656 loquentem:
789 3573 883 3641 Soter
893 3572 1054 3664 sedebam
1079 3574 1197 3654 imita.¹

132 3672 167 3743 ri
184 3672 289 3743 etiam
298 3665 544 3743 miserabiliter
560 3683 864 3757 conquerentem:
891 3674 1045 3766 marim,
1057 3680 1197 3776 proplie-

136 3786 190 3841 και
214 3785 284 3840 taos
301 3769 504 3853 acciderant,
538 3767 659 3840 altaria
671 3767 895 3864 sufficiant,
925 3771 966 3853 σ
991 3802 1041 3872 ego
1064 3775 1194 3852 vetitius

130 3870 204 3963 sunt
218 3867 322 3959 solur,
348 3867 388 3948 σ
406 3883 557 3966 gemant
577 3872 718 3940 animam
738 3893 837 3942 meam
859 3877 990 3972 accipere
1008 3880 1104 3957 illam.
1155 3877 1196 3958 si

134 3982 257 4043 autem
280 3969 500 4044 voluerimus
528 3963 694 4043 sacratius
723 3968 855 4062 aliquid
877 3978 1042 4074 accipere
1061 3978 1099 4053 in
1124 4000 1196 4074 eo,

136 4069 238 4165 quod
255 4065 410 4143 diciturt
435 4070 529 4141 Salus
542 4067 701 4159 sedebam,
727 4067 874 4149 forsitan
894 4075 1118 4152 inveniemus
1143 4067 1202 4153 esre

133 4190 241 4270 gnam
259 4168 594 4265 interpretationem
616 4169 750 4268 Spiritu
775 4167 906 4253 fanno.
958 4176 1117 4277 Quando
1139 4179 1198 4252 vi.

132 4285 208 4352 tam
221 4269 459 4352 multitudiuis
469 4268 671 4373 mirarum,
687 4291 766 4351 nec
782 4274 1013 4356 conversatio
1034 4277 1157 4450 ηοίξι
1173 4287 1207 4359 a·

1009 4396 1097 4478 quq
1137 4394 1169 4447 u
