2734 4859
400 565 793 672 'no-Mina
841 593 889 675 11.
1137 605 1188 704 ia

129 763 304 860 iprocum
320 753 446 832 audire
462 755 688 854 sermonem,
717 759 821 854 quia,
837 759 1023 864 abicumque
1037 745 1188 865 prae'dica·

129 889 171 936 rm
192 859 400 956 sacricium
426 861 622 954 euangelium
647 865 686 932 im
712 875 779 932 tom
801 864 940 954 mundo,
974 866 1096 940 dicetur
1127 871 1185 963 σ,

129 959 369 1056 adsociabat
395 963 434 1030 in
455 965 636 1034 memoriam
662 963 741 1056 ejus.
793 957 855 1034 Tu
881 982 1029 1057 quoque
1047 966 1184 1064 facitu,

129 1059 339 1138 nmiverfis
357 1059 524 1156 gentibus
541 1061 750 1154 praedicato.
803 1063 962 1162 Quando
974 1079 1092 1142 autem
1110 1069 1186 1145 hoc

129 1160 239 1241 adesi
266 1159 308 1234 Si
324 1157 437 1233 factus
448 1157 560 1234 fucrit
571 1173 615 1233 ut
625 1157 847 1256 Apostolus,
866 1161 1060 1241 &dixerim
1086 1171 1185 1244 Chri·

129 1265 145 1338 i
158 1263 259 1336 ierom
277 1261 475 1350 adorsumus
490 1265 529 1332 im
542 1262 700 1333 omniloco
715 1264 754 1330 in
767 1260 838 1350 his,
859 1267 917 1361 qui
930 1263 1126 1363 salvantur,
1142 1265 1183 1348 θ’

129 1365 226 1452 riis,
252 1365 317 1462 qm·
332 1375 490 1458 parumn
525 1362 625 1436 bona
641 1379 754 1458 opera
772 1374 834 1434 tua
852 1363 984 1440 nardus
1001 1362 1093 1442 sunt
1143 1367 1183 1444 Si

129 1485 196 1538 uro
217 1461 472 1560 peccaveris,
498 1473 649 1557 peccata
672 1473 772 1534 tetro
797 1461 915 1534 odore
938 1464 1182 1562 redolebunt3

129 1565 190 1640 icit
203 1561 349 1656 quippe
364 1562 562 1656 poenitens:
588 1564 874 1658 Compurraerum,
889 1559 929 1638 U
942 1583 1094 1664 corrupta
1100 1567 1184 1658 firm

129 1669 265 1738 itmrirm
293 1685 371 1734 maa
390 1687 413 1734 a
427 1661 519 1754 sarie
539 1661 727 1759 insspimrriae
746 1683 828 1739 mea.
879 1659 971 1736 Non
994 1664 1039 1737 de
1065 1667 1182 1741 nardo

129 1763 339 1860 ropoiitum
360 1757 442 1854 est,
474 1781 573 1834 nunc
586 1761 735 1855 Spiritui
747 1759 867 1834 santio
891 1761 1035 1858 dicere,
1061 1785 1183 1858 nequa

129 1865 274 1958 thoe,
313 1859 415 1954 quod
433 1861 550 1934 oculis
574 1863 784 1954 intuemur,
820 1861 1037 1958 evangelista
1058 1861 1183 1942 scribit

129 1977 323 2064 agmento,
350 1958 411 2034 sed
426 1959 471 2034 de
483 1961 599 2036 nardo
613 1959 779 2058 spiritali,
805 1959 850 2033 de
866 1962 1005 2058 nardo,
1032 1965 1183 2056 quaede·

129 2065 345 2140 itodorem
361 2059 470 2138 suum.

183 2185 218 2260 3.
248 2161 430 2256 Maeuius
444 2156 587 2262 floiitr,
619 2157 657 2234 id
672 2157 758 2256 'est‚
791 2171 928 2260 gutta,
958 2159 1036 2236 five
1059 2161 1182 2261 stilla,

129 2261 283 2338 immotis
301 2285 390 2334 mms
406 2263 502 2334 mihi.
554 2259 703 2335 Guttam
721 2265 917 2358 unguenti,
943 2261 1089 2356 rafiam,
1109 2267 1183 2361 gal-

129 2385 263 2459 rmum,
290 2362 332 2436 in
353 2359 488 2436 Exodo
508 2361 658 2459 legimus
672 2375 859 2456 praecepto
878 2361 1030 2438 Domini
1044 2363 1084 2436 in
1098 2367 1183 2459 thy·

129 2469 258 2556 dama,
285 2462 326 2536 id
342 2461 417 2556 est,
438 2463 476 2536 in
493 2459 714 2536 sacerdotale
730 2458 877 2534 chrisma
893 2459 1113 2544 confetium.
1143 2463 1183 2540 Si

129 2560 1185 2764 ireizizissriiiiiiuiiiudi{irradiari

129 2763 349 2858 imajestate
373 2763 493 2836 divina
513 2763 557 2836 ad
577 2780 647 2834 nos
672 2763 817 2836 modica
837 2763 995 2856 quadam
1015 2760 1105 2838 stilla
1123 2765 1185 2840 de·

129 2865 269 2943 iuuerit.
326 2863 386 2938 De
406 2863 475 2936 hac
497 2860 588 2935 stilla
611 2859 846 2956 &propheta
860 2863 1014 2956 cecinit,
1038 2863 1183 2942 dicenst

129 2969 236 3041 Eteri!
252 2963 434 3060 defliffapo
454 2963 504 3033 ali
518 2965 588 3059 ejus
602 2965 847 3055 congregandus,
872 2962 1104 3056 congregabitur
1118 2970 1186 3062 Jo-

129 3071 167 3142 rb.
219 3061 276 3140 Et
296 3063 399 3138 ficuti
418 2984 611 3136 igcundum
626 3062 734 3136 alium
753 3058 888 3135 sensum
902 3062 990 3154 lapis
1006 3077 1082 3136 erat
1096 3085 1186 3159 praa.

129 3169 198 3244 iius
216 3177 388 3240 emonte
408 3162 481 3237 fine
495 3162 657 3236 manibus
675 3159 789 3235 nostri
805 3161 843 3235 in
865 3181 972 3234 carne
995 3161 1185 3242 salvatoris

129 3270 319 3340 edrentus:
342 3263 577 3354 nequeenim
599 3275 701 3334 totus
723 3281 828 3334 mons
845 3257 935 3355 fuit,
959 3262 1018 3353 qui
1041 3262 1186 3340 descen·

129 3367 163 3440 iit
182 3365 231 3438 ad
254 3377 402 3454 terras,
438 3383 509 3438 nec
533 3374 680 3454 poterat
701 3361 854 3434 humana
876 3359 1046 3456 fragilitas
1067 3368 1184 3440 totius

129 3465 252 3542 nontis
275 3463 558 3560 magnitudinem
582 3481 734 3554 capere:
773 3458 831 3532 sed
852 3461 940 3555 lapis
969 3481 1015 3534 ex
1032 3478 1184 3560 monte,

129 3569 201 3662 apis
242 3561 485 3654 offensionis,
522 3559 558 3633 dc
599 3575 701 3655 petra
737 3557 889 3633 scandali
931 3559 1113 3636 descendit
1146 3568 1186 3641 in

129 3667 318 3742 nundum:
341 3661 389 3736 fic
413 3659 606 3734 secundum
623 3661 730 3734 alium
749 3657 967 3733 intelletium
987 3659 1077 3734 stilla
1094 3685 1185 3739 nun·

129 3779 286 3861 mpatur.
348 3761 733 3860 Oportebat-quippe,
759 3772 823 3852 ut,
851 3759 932 3851 quia
952 3784 1056 3832 omnes
1075 3783 1186 3857 genter

129 3861 401 3966 irflidamfiruiae
423 3877 574 3959 reputata
581 3859 684 3951 sunt,
710 3863 762 3952 is,
790 3860 849 3951 qui
873 3878 941 3954 pro
963 3860 1122 3937 omnium
1137 3861 1187 3939 sa·

129 3983 192 4040 ute
213 3961 333 4038 {auus
358 3961 410 4034 est
432 3961 578 4055 omnia,
604 3960 712 4034 etiam
726 3959 816 4033 stilla
835 3956 939 4033 fieret
959 3961 1002 4032 ad
1022 3984 1081 4035 eas
1100 3965 1188 4037 libe·

129 4065 260 4140 undas.
315 4061 417 4160 Quid
434 4063 525 4135 enim
542 4081 610 4156 pro
627 4061 751 4134 nostra
766 4058 876 4132 salute
892 4080 969 4133 non
986 4058 1098 4135 fauus
1112 4061 1188 4138 esti

129 4165 202 4238 xos
221 4165 382 4251 inanes,
409 4159 521 4234 &ille
542 4161 742 4234 exinanivit
759 4159 1007 4252 semetipsum,
1033 4160 1188 4238 formam

129 4263 214 4342 iervi
234 4261 432 4356 accipiens.
462 4257 542 4336 Nos
554 4263 713 4358 populus
725 4258 872 4355 stultus,
894 4258 1011 4336 &non
1027 4258 1192 4367 sapiens‘,

1111 4369 1151 4452 dt
