2734 4859
112 485 136 654 ¹.
169 485 1210 676 rnroemnrromoemsueenperemne

128 697 382 824 umentique
406 725 447 802 in
475 723 544 814 suo
569 725 700 804 ordine
722 697 917 806 secondom
940 711 1108 804 meritum
1134 727 1227 805 bo*

104 851 266 917 eorum
309 827 491 928 gestorum
527 823 677 904 suorum*
691 849 710 924 ·,
761 849 863 910 curn¹
882 827 1201 906 transformabitur

131 949 269 1029 corpor
291 927 500 1008 humilitatis
523 947 675 1023 eorum,
705 939 750 1001 ut
766 926 810 1004 srt
826 927 1018 1006 conforme
1029 927 1200 1025 corporis

103 1023 263 1134 {glorie
285 1025 433 1108 christi:
464 1027 565 1121 quod
585 1025 793 1120 seminatum
822 1029 965 1124 quidem
990 1027 1097 1105 estin
1117 1049 1200 1105 cor·

131 1131 327 1230 ruptione,
357 1125 589 1226 surget-vero
605 1127 645 1204 in
657 1127 954 1226 incorruptionez
979 1130 1079 1226 quod
1097 1129 1200 1206 semi:

132 1245 258 1310 notum
273 1227 326 1305 est
341 1228 379 1304 in
394 1227 613 1346 ignominia,
638 1224 760 1326 surget
773 1229 812 1304 in
826 1230 960 1328 gloria:
986 1228 1087 1325 quod
1100 1229 1214 1312 femi·
1246 1323 1251 1330 ,

131 1343 259 1409 murm
276 1325 331 1406 est
351 1329 390 1404 in
411 1324 637 1424 infirmitate,
662 1326 784 1426 surget
802 1330 840 1404 in
857 1328 1017 1426 virtute,
1042 1328 1198 1408 resurre-
1226 1379 1228 1384 -

86 1437 93 1526 “,
134 1429 265 1526 &ionic
284 1427 621 1528 scilicettemporez
645 1427 799 1523 &quod
822 1426 1030 1508 seminatum
1045 1430 1098 1508 est
1112 1451 1198 1507 cor·

86 1603 89 1618 ,
130 1529 201 1628 pita
222 1529 395 1625 animale,
426 1523 546 1626 surget
569 1542 690 1604 eutem
717 1547 850 1623 corpur
872 1528 1039 1624 spiritale.
1088 1530 1198 1610 Licet
1269 1591 1271 1600 .

86 1631 88 1640 '
158 1711 165 1728 l
195 1649 373 1713 octones
391 1626 601 1726 resurgant,
626 1627 921 1723 &unusquisque
933 1629 971 1706 in
986 1630 1050 1706 suo
1066 1632 1198 1710 ordine
1255 1629 1268 1648 “’

185 1742 319 1828 urget,
338 1727 635 1805 confiderandum
650 1727 702 1804 est
716 1743 835 1805 tameo
848 1743 1000 1826 propter
1012 1731 1113 1810 illum
1125 1728 1198 1810 ser·
1272 1729 1295 1808 ’,

132 1851 282 1908 monem
300 1828 469 1926 Jornnis,
493 1847 601 1921 quem
619 1829 656 1903 in
671 1829 902 1906 reveiatione
911 1829 973 1910 soa
983 1829 1090 1909 dicit:
1106 1833 1198 1910 ,Baa-

131 1947 206 2024 m,
240 1935 297 2030 qai
313 1930 409 2003 habet
422 1943 547 2026 portem
559 1935 598 2000 iar
619 1927 844 2020 refienrflr'ont
855 1935 982 2030 prim,
1013 1937 1053 2004 in
1070 1932 1130 2006 lue
1145 1935 1199 2020 se.
1277 1938 1284 1998 ἶ

132 2031 236 2106 ran&
252 2054 335 2103 mers
350 2054 417 2102 arm
435 2029 529 2103 daber
540 2028 737 2126 potestatem:
771 2050 820 2107 ne
836 2027 936 2107 forte
948 2030 1196 2116 dimdi'omoir

85 2143 89 2166 ¹
129 2128 401 2208 resurrectionis
422 2129 517 2204 rocio
538 2130 576 2203 in
606 2128 693 2217 dote
715 2129 974 2229 perceperit,
1002 2127 1044 2208 id
1058 2130 1136 2230 est,¹
1154 2136 1218 2232 in⁸

131 2252 223 2326 eor,
248 2233 309 2326 qui
324 2228 482 2306 solvendi
497 2227 596 2316 sunt,
616 2228 752 2327 iustos,
770 2229 815 2306 'dt
829 2251 911 2325 eor,
934 2231 995 2326 qui
1011 2233 1196 2324 cruciandi
1266 2282 1268 2288 -

85 2405 90 2414 .
129 2332 232 2429 sont,
248 2344 481 2427 peccatores:
514 2344 557 2405 ut
577 2329 620 2407 fit
642 2351 716 2407 una
730 2332 872 2426 quidem
887 2331 1091 2426 bonorum,
1116 2357 1196 2431 quor
1250 2395 1252 2402 .

131 2432 415 2528 dicitur'prima:
439 2431 500 2506 ill'a
517 2451 632 2525 vero,
658 2451 736 2525 quae
749 2429 801 2507 est
814 2428 1046 2528 miserorum,
1070 2434 1198 2531 seeun-
1252 2457 1257 2478 ·

85 2611 91 2628 ,
132 2533 176 2608 da
199 2532 356 2608 dicatur:
394 2532 544 2607 &iliam
557 2530 699 2628 quidem
715 2532 752 2607 in
773 2527 940 2608 omnibus
960 2532 1031 2609 eise
1046 2555 1196 2631 puram,

85 2695 87 2702 .
128 2634 301 2728 hilarem,
335 2632 450 2707 totius
474 2635 615 2726 plenam
636 2632 786 2707 laetitiae:
823 2632 921 2710 illam
939 2655 1033 2710 vero
1048 2637 1197 2716 alteram
1248 2705 1251 2712 .

131 2749 251 2810 totam
270 2731 425 2826 tristem,
452 2745 568 2808 totam
583 2734 746 2808 moerorit
761 2733 925 2829 plenam,
951 2734 1136 2813 &actibus
1152 2758 1198 2814 ac

131 2836 211 2908 vita
231 2855 359 2908 eorum
372 2834 527 2929 dignam,
551 2832 612 2924 qui
624 2831 662 2906 in
674 2829 840 2936 praesenti¹
853 2834 931 2908 vito
941 2833 1013 2911 Dei
1028 2839 1197 2915 mandata

131 2931 446 3028 contempserunt,
473 2932 646 3026 &judieii
657 2934 733 3029 ejus
745 2933 878 3009 timore
893 2936 1057 3032 neglecto
1070 2936 1197 3014 semet-
1292 2959 1295 2966 ·

128 3032 227 3131 ipsos
252 3033 476 3127 tradiderunt
501 3037 537 3110 in
560 3034 811 3126 operationem
828 3033 944 3126 totius
964 3036 1198 3112 immunditiae
1235 3095 1239 3104 ,

130 3133 166 3211 dt
182 3135 361 3217 avaritie,
384 3156 453 3207 nec
467 3131 501 3207 se
517 3150 716 3229 praeparare
731 3131 958 3227 conatisdnt,
983 3134 1198 3215 utresrstere

130 3233 344 3314 adversario
355 3230 682 3329 ponent-adversus
700 3235 897 3311 contrarias
915 3249 1023 3328 atque
1036 3239 1195 3316 inimicat

129 3334 290 3411 humano
305 3336 426 3431 generi
445 3333 655 3428 potestates.
705 3332 878 3428 Sepulcra
895 3349 1014 3412 autem
1030 3353 1198 3414 mortuo·

130 3437 262 3514 romin
282 3435 357 3509 hoc
377 3438 465 3510 loco
482 3434 573 3509 ficut
586 3434 620 3508 dr
633 3434 671 3508 in
687 3435 808 3510 multis
823 3437 898 3509 aliis
913 3435 1106 3514 secundum
1119 3458 1196 3522 cer·

131 3535 266 3610 tiorem
286 3533 466 3626 scripturae
482 3533 616 3609 sensum
631 3534 838 3628 accipienda
853 3534 957 3623 sunt,
974 3539 1058 3614 rton'
1078 3537 1197 3616 solum

130 3657 197 3730 ra,
223 3654 302 3729 qum
322 3635 366 3708 ad
385 3633 648 3728 depofitionem
669 3634 907 3717 humanorum
927 3635 1127 3732 corporum
1142 3641 1197 3715 vi.

131 3734 272 3809 dentur
288 3733 361 3810 effe
383 3734 607 3833 constructa,
641 3738 705 3810 vel
730 3735 767 3809 in
796 3734 885 3811 saxis
905 3738 1041 3835 excisa,
1077 3757 1140 3819 aut
1157 3746 1196 3822 in
1281 3733 1284 3748 '

131 3851 232 3909 terra
253 3833 409 3930 deferre,
442 3834 502 3910 sed
528 3835 645 3911 omnir
661 3836 790 3930 locus,
826 3834 863 3912 io
886 3857 1117 3934 quocumque
1134 3846 1207 3921 vel·

130 3936 313 4036 integrum
335 3935 528 4011 humanum
550 3955 704 4030 corpur,
741 3936 800 4010 vel
819 3954 987 4034 exparte
1010 3942 1127 4037 aliqua
1143 3944 1198 4038 ja.

134 4050 218 4131 cet,
246 4034 555 4129 etiamsnaceidat,
578 4049 620 4109 ut
633 4056 745 4111 unum
766 4055 899 4132 corpur
915 4040 1201 4134 perlocammta

131 4134 324 4232 dispersum
336 4135 400 4222 fit,
425 4132 613 4213 absordum
628 4135 810 4231 nouerit,
837 4140 959 4213 omnia
973 4161 1015 4215 ea
1029 4142 1132 4237 loca,
1157 4145 1201 4222 irr
1291 4189 1293 4196 ·

136 4238 267 4333 quibua
279 4256 364 4337 pare
379 4238 804 4340 aliqoacorporirjacet,
829 4236 1017 4340 sepulchre
1031 4247 1200 4360 corporis

1075 4361 1158 4443 epra
