2734 4859
281 639 289 656 .
404 569 994 662 trosr1urnx11.-
1120 598 1225 676 521·

131 742 258 830 clear
281 740 372 823 Hoc
394 753 513 817 autem
531 740 569 814 in
590 737 736 844 ecclefia
757 736 846 834 sepe
862 734 1060 818 accidentia
1074 739 1195 838 poun-

132 872 223 932 mus,
236 835 469 922 considerare.
519 838 899 938 Peccavitquispiam,
924 839 1053 934 &post
1069 863 1195 939 pecce-

133 967 212 1028 tum
225 946 381 1043 postulet
393 942 696 1016 communionem.
748 937 783 1011 Si
797 940 830 1012 ei
845 937 1077 1036 conceditur,
1095 940 1198 1037 quod

134 1065 261 1148 rogat,
277 1047 313 1118 in
326 1039 596 1118 incommodum
615 1041 722 1118 venia
735 1037 923 1134 procedit,
937 1037 971 1114 dr
983 1037 1200 1118 laxatirsrae·

136 1153 213 1232 nis,
239 1144 427 1220 sceleribus
450 1139 616 1235 panditur
637 1139 709 1214 via.
758 1137 819 1212 Sin
835 1157 928 1214 vero
948 1159 1030 1218 cum
1043 1143 1200 1219 ratione·

135 1250 201 1326 bili
218 1243 497 1334 deliberatione,
521 1260 597 1316 non
612 1254 654 1313 ut
670 1235 895 1332 misericors,
921 1257 990 1316 nec
1007 1240 1142 1320 rursum
1155 1253 1200 1320 ut

138 1347 294 1424 crudelis
318 1342 458 1437 judex,
488 1337 547 1416 sed
570 1340 603 1414 dr
625 1338 718 1433 quast
742 1341 804 1412 uni
827 1338 1057 1435 providens,
1090 1342 1199 1419 &de
1231 1380 1233 1384 ·

138 1449 301 1524 omnium
326 1441 437 1516 salute
454 1437 671 1535 pertrasians
696 1437 1117 1536 confideraverltpopuli
1138 1442 1199 1516 da·

137 1568 262 1626 mnum
278 1544 315 1618 in
336 1544 441 1616 unius
460 1542 590 1634 uenia,
615 1539 709 1616 haud
728 1539 872 1618 dubium
889 1535 961 1631 est,
987 1545 1071 1634 quin
1091 1540 1202 1619 faciat

140 1646 223 1741 ejici
243 1664 353 1718 unum
376 1642 421 1715 de
441 1640 613 1730 ecclesia,
645 1653 689 1712 ut
704 1641 837 1736 multos
854 1635 968 1712 salvet
986 1642 1201 1719 incolumes.

139 1747 223 1842 Age
239 1764 337 1819 nunc
358 1741 541 1815 considera
559 1740 643 1814 mihi
664 1739 698 1812 dr
714 1740 913 1831 medicum,
938 1737 1203 1818 srceffaverita

141 1845 299 1922 sectione
319 1844 395 1935 ejus
421 1843 606 1930 vulneris,
642 1837 741 1931 quod
766 1836 953 1912 secandum
977 1840 1049 1932 est,
1074 1841 1099 1917 si
1124 1861 1204 1917 non

141 1945 283 2035 usserit,
303 1942 403 2033 quod
415 1931 554 2036 indiget
565 1940 750 2028 cauterio,
776 1938 949 2012 videlicet
964 1956 1118 2036 propter
1136 1941 1203 2016 do·

140 2049 273 2136 lorea,
304 2041 364 2136 qui
385 2062 432 2116 ex
454 2042 585 2116 talibus
606 2037 771 2115 remediis
792 2034 1087 2133 consequuntur,
1114 2060 1205 2134 quo·

142 2145 259 2240 modp
280 2137 413 2238 crescat
426 2137 635 2233 infirmitas,
663 2138 754 2213 &in
774 2137 931 2213 deterius
946 2158 1054 2222 vetus
1073 2143 1205 2218 humor

143 2245 332 2318 exuberet
381 2237 416 2313 Si
440 2260 554 2333 uero,
579 2255 621 2312 ut
635 2239 684 2312 ita
701 2238 836 2327 dicam,
862 2243 1069 2315 temerarius
1087 2241 1131 2316 ad
1151 2241 1205 2318 ul·

146 2363 212 2416 cus
226 2339 554 2433 sedoratceslerit,
581 2337 787 2414 &inusserit
799 2340 959 2435 plagam,
986 2355 1090 2416 curet
1106 2359 1203 2435 eum,

147 2444 206 2536 qui
226 2440 363 2515 secatur
375 2441 410 2512 dr
425 2443 562 2533 uritur,
588 2439 670 2532 quia
686 2439 829 2532 paulum
842 2438 1042 2515 severitatis
1055 2440 1205 2536 essump·

141 2545 211 2636 sit,
237 2542 323 2614 licet
335 2540 428 2613 visus
440 2539 550 2612 suerit
560 2541 748 2636 aegrotanti
761 2537 937 2615 adhoram
950 2547 1027 2616 nori
1042 2540 1210 2623 misereri.

145 2643 204 2718 lta
222 2642 255 2714 dr
275 2640 373 2714 Deus
390 2660 465 2713 non
483 2660 592 2713 unum
611 2640 823 2731 hominem,
849 2636 908 2715 sed
929 2639 1132 2716 uniuersum
1149 2659 1211 2714 eu-

147 2756 205 2817 rat
224 2741 372 2834 orbem,
402 2737 553 2813 coelestia
570 2753 678 2832 atque
701 2756 864 2832 terrena,
890 2739 1059 2814 &omnia
1075 2741 1211 2832 ubique

146 2836 339 2933 dispensat,
365 2837 398 2910 dt
420 2859 501 2911 cum
517 2839 589 2912 hoc
605 2837 823 2930 provideat,
848 2840 947 2931 quod
966 2840 1027 2913 uni
1045 2859 1208 2914 commo·

142 2941 232 3015 dum
245 2939 306 3021 srt,
323 2940 440 3012 multo
454 2938 563 3034 magis
578 2936 768 3033 providet,
786 2936 870 3029 quid
885 2939 955 3011 toti
968 2940 1103 3014 mundo
1119 2959 1209 3014 con·

147 3038 520 3114 ducatdrhominibus
534 3038 718 3112 universis.
767 3035 1209 3134 Providetquidem&ee,

150 3159 229 3232 quae
259 3138 321 3212 uni
356 3137 576 3230 expediunt,
601 3157 729 3211 verum
761 3138 834 3220 ite,
860 3158 907 3212 ne
936 3138 1041 3212 unius
1073 3139 1210 3215 utiliter

148 3241 310 3314 omnium
327 3237 458 3310 damno
475 3236 527 3311 srt.
577 3234 719 3309 idcirco
742 3233 776 3310 dr
795 3238 885 3332 ignis
907 3251 1059 3314 eternus
1077 3261 1211 3334 praepa·

147 3352 247 3413 ratus
267 3335 345 3430 est,
374 3335 408 3407 dt
426 3337 616 3433 gehenna,
652 3334 860 3409 &tenebrae
878 3339 1105 3412 exteriores:
1131 3359 1211 3432 quae

147 3438 271 3515 omnia
295 3453 371 3511 non
397 3450 469 3508 tam
491 3437 541 3509 ob
565 3455 669 3519 enm,
695 3435 754 3528 qui
775 3435 1077 3534 puniendus.est,
1102 3458 1210 3534 quam

145 3551 300 3634 propter
312 3533 500 3609 universos
515 3534 680 3609 homines
693 3533 888 3609 constituta
902 3534 993 3612 sunt

225 3639 262 3713 6.
286 3637 324 3710 Si
342 3649 460 3710 autem
477 3638 533 3708 vis
552 3635 656 3727 hujus
672 3637 724 3708 rei
742 3631 867 3711 testem
883 3639 1047 3732 accipere
1062 3635 1213 3733 scriptu·

150 3754 247 3828 ram,
271 3737 369 3829 quod
386 3736 423 3808 in
440 3735 591 3810 aliorum
605 3733 873 3829 eruditionem,
898 3737 984 3810 licet
1004 3739 1076 3830 jam
1092 3737 1214 3837 despe-

151 3835 281 3910 rabiles
296 3835 362 3909 srnt
376 3849 608 3928 peccatores,
634 3830 669 3907 dt
690 3836 914 3910 acuratione
932 3840 1075 3933 penitus
1090 3838 1214 3933 elicui,

151 3949 390 4025 torqueantur
408 3957 421 4022 3
455 3932 536 4007 audi
553 3929 786 4008 Salomonem
804 3934 843 4009 in
864 3933 1073 4012 Proverbiis
1093 3937 1216 4012 dicem

152 4047 257 4109 tems
292 4025 627 4128 Peliilenre'flagedaro
644 4035 824 4128 imprudens
849 4035 978 4106 calidior
996 4039 1072 4114 erit.
1121 4031 1217 4118 Non

151 4156 255 4220 eum,
282 4135 341 4224 qui
359 4129 557 4227 flagellatur
576 4130 666 4205 dixit
683 4131 890 4210 calidiorem
905 4133 1091 4226 futurum,
1117 4130 1217 4212 &sa-

151 4235 370 4339 pientiorem
388 4247 537 4331 propter
553 4229 822 4409 calippsktionem
834 4235 957 4327 suam,
980 4231 1041 4313 sed
1053 4231 1217 4329 insipien·
