2734 4859
186 598 258 678 ΙΝ
282 595 651 676 PROVERBIA
677 596 1062 678 SALOMONIS.
1116 623 1161 703 13

141 785 200 839 aui
223 760 402 836 miseriam
424 775 615 859 aggravata
638 781 762 835 manus
787 774 849 834 tua
867 758 971 854 super
987 784 1058 840 me.
1095 762 1161 842 Jit

142 865 220 936 rito
247 863 396 955 quidem
421 864 498 935 haec
520 862 633 957 passus
654 861 755 956 sum,
780 859 891 935 infixa
906 863 942 934 in
958 885 1016 937 me
1040 862 1156 958 spina,
1188 908 1190 911 -

141 965 260 1039 oniam
286 960 404 1033 vietus
426 961 499 1037 sum
524 984 543 1033 a
566 964 688 1053 curis,
717 963 777 1033 vel
804 964 908 1034 etiam
927 983 948 1035 a
965 963 1100 1036 divitiis
1121 963 1158 1036 dc

141 1063 350 1158 luptatibus
369 1062 473 1153 liujus
493 1059 619 1136 saeculi.
670 1060 859 1153 Ejusmodi
876 1060 1052 1155 quidpiam
1072 1082 1158 1156 pro-

141 1179 233 1239 etam
253 1164 333 1233 hoc
357 1160 445 1235 loco
470 1162 508 1235 in
527 1175 648 1236 merite
673 1159 851 1252 habuisse,
876 1161 990 1254 liquet
1014 1183 1060 1233 ex
1078 1164 1157 1256 his,

141 1287 165 1337 Β
184 1260 416 1334 inferuntur:
445 1264 603 1333 Peccatum
618 1287 718 1331 meum
731 1268 887 1355 cognitum
908 1261 969 1331 nli
977 1260 1063 1352 feci,
1088 1265 1156 1339 σε.

161 1363 331 1436 Posthaec
350 1359 564 1455 videndum,
591 1381 748 1455 quanam
761 1361 828 1434 sint
839 1358 929 1433 dida
940 1358 1156 1455 sapientum,

141 1465 238 1545 lide,
267 1481 352 1553 quae
364 1459 431 1532 lint
442 1460 650 1557 enigmata,
678 1462 832 1553 qualium
851 1457 1046 1552 sapientum
1065 1460 1157 1536 dicta
1253 1507 1260 1524 ·

141 1565 268 1659 elligat
294 1560 461 1656 sapient,
498 1574 604 1652 atque
624 1561 746 1635 eadem
765 1560 942 1634 audiendo
962 1558 1156 1652 sapientior

143 1664 229 1738 adet.
288 1660 353 1732 An
369 1680 495 1734 eorum
516 1675 674 1752 tantum,
702 1661 761 1753 qui
782 1657 973 1732 secundum
987 1659 1107 1733 Deum
1121 1661 1157 1735 dt

141 1763 285 1836 ritatem
302 1761 384 1852 ejus
402 1758 564 1853 sapiunt?
591 1759 652 1833 Aii
668 1780 761 1833 vero
777 1780 853 1833 non
866 1758 996 1832 horum
1016 1758 1154 1854 solum,

141 1864 279 1936 letiam
304 1878 435 1933 eorum
448 1910 471 1958 ,¹
487 1880 578 1952 quos
599 1859 703 1933 Deus
726 1861 845 1953 capiet
864 1861 902 1931 iii
928 1857 1052 1931 astutia
1066 1857 1154 1933 sua?

141 1985 181 2036 iiii
197 1963 233 2035 dc
253 1962 328 2034 hos
345 1957 462 2033 sermo
476 1957 649 2053 sapientes
667 1960 884 2034 nominavit.
934 1956 1077 2032 Etenim
1090 1978 1155 2031 cur

141 2062 198 2136 tus
217 2059 365 2156 sapiens
386 2060 564 2156 intelliget
581 2059 722 2151 quidem
747 2061 938 2140 beatorum
960 2056 1156 2151 sapientum

141 2161 201 2254 la,
226 2163 385 2233 alioruin
414 2179 505 2233 vero
530 2159 726 2254 sapientum
751 2158 932 2234 sermones
954 2158 1158 2255 intelligere

141 2286 162 2335 n
180 2256 360 2355 poterit?
387 2255 449 2331 An
466 2258 665 2333 intellectus
688 2260 763 2351 ejus
785 2261 853 2332 erit
872 2259 1085 2333 imbecillior
1102 2259 1156 2332 in·

141 2362 229 2435 letto
254 2358 460 2453 sapientum
482 2361 586 2529 higna
603 2360 754 2454 mundi,
786 2359 981 2432 &illorum
1000 2356 1090 2431 diua
1106 2354 1156 2431 as·

141 2464 177 2553 gui
199 2480 283 2533 non
305 2457 479 2532 valebit?
547 2459 685 2551 tvide,
711 2480 758 2531 ne
777 2459 899 2551 sorte,
927 2458 1157 2550 quemadmo-

141 2586 166 2636 m
181 2562 287 2633 oculi
309 2579 406 2651 opus
419 2557 490 2651 est,
508 2579 585 2632 non
601 2558 715 2634 solum
732 2579 789 2632 res
800 2562 893 2633 bene
907 2559 1089 2631 ordinatas
1103 2558 1157 2631 vi·

141 2685 191 2748 re,
215 2660 282 2734 sed
302 2658 416 2732 etiam
431 2659 526 2749 illas,
554 2681 630 2751 quae
643 2661 746 2732 aliter
758 2657 792 2732 se
810 2660 963 2740 habent,
989 2658 1158 2753 acposita

144 2764 210 2834 illis
226 2782 288 2831 ars
307 2760 482 2848 requirit,
509 2759 556 2831 sic
569 2763 696 2832 mentis
714 2782 806 2851 opus
824 2759 885 2850 fit,
913 2772 984 2833 tam
1004 2761 1155 2851 obvias,

141 2883 187 2935 ani
202 2880 288 2933 non
304 2860 438 2929 obvias
456 2860 698 2952 cogitationes
715 2859 959 2949 considerare,
985 2879 1054 2949 ne,
1080 2879 1156 2948 quo

141 2963 193 3033 ido
214 2959 498 3034 mendaciorum
516 2959 819 3032 verisimilitudine
845 2959 1063 3051 decipiatur,
1096 2956 1156 3030 sed

141 3077 262 3155 reptos
288 3061 450 3142 liberet,
485 3078 566 3130 cnm
592 3060 812 3131 intellexerit
835 3060 985 3131 aliorum
1011 3079 1157 3147 quoque

141 3165 287 3233 >lentum
307 3155 418 3249 dista,
435 3158 611 3248 siquando
623 3156 758 3230 struant
771 3157 1000 3252 sophismata,
1021 3160 1158 3249 &quo-

141 3262 194 3332 ido
221 3256 324 3332 falsis
349 3256 499 3328 illudant
530 3259 756 3339 rationibus,
791 3258 915 3348 &qua
937 3258 1078 3328 ratione
1101 3256 1156 3329 so·

141 3362 222 3433 iama
243 3357 439 3447 solvatur,
466 3357 635 3448 deceptio
658 3358 819 3431 elidatur.
873 3358 943 3428 Hic
963 3359 1066 3429 etiam
1090 3376 1156 3448 per

141 3461 265 3533 lentes
278 3455 365 3527 suos
378 3458 529 3529 minatur
540 3457 654 3547 Deus,
666 3456 761 3547 fore,
774 3471 814 3527 ut
827 3479 916 3537 eam,
936 3478 1011 3548 qua:
1026 3459 1075 3527 ob
1092 3457 1156 3529 fal-

141 3562 209 3635 iam
233 3556 374 3629 destrui
393 3570 563 3645 meretur,
580 3555 783 3648 sapientiam
804 3556 995 3647 sapientum
1015 3557 1155 3651 perdat,

141 3680 239 3733 cnon
253 3656 420 3729 fallacem
432 3657 953 3750 prudentiameoiumquinon
965 3653 1157 3729 secundum

141 3758 196 3833 'um
219 3757 425 3849 prudentes
448 3754 537 3830 sunt.
595 3755 653 3827 Sic
674 3776 737 3848 per
756 3754 837 3828 suos
860 3754 1032 3847 sapientes
1057 3777 1157 3829 corii·

141 3857 294 3932 thendet
316 3853 480 3928 astutiam
504 3855 605 3945 huJus
625 3854 749 3927 saeculi.
801 3856 837 3926 Si
859 3876 935 3926 nori
959 3854 1156 3945 sapientum

141 3961 190 4049 jos
224 3954 347 4029 saculi
382 3953 472 4026 aina
506 3954 758 4028 intellexissent
792 3954 949 4049 discipuli
984 3954 1155 4046 Domini,

141 4058 280 4130 omodo
316 4052 529 4150 pugnassent
561 4056 604 4126 ad
637 4056 859 4129 eversionem
893 4053 1155 4145 munitionum,

141 4157 294 4230 ertendo
316 4154 562 4249 cogitationes
584 4155 616 4225 &
642 4175 783 4228 omnem
802 4154 1049 4245 altitudinem,
1077 4174 1156 4244 quae

144 4258 288 4333 extollit
309 4250 484 4332 adversus
504 4251 683 4342 scientiam
695 4253 795 4333 Dei?
830 4253 1031 4359 Quomodo
1048 4252 1158 4444 ulid,

1006 4381 1083 4463 quo
