2734 4859
208 274 256 368 96
324 266 562 341 ORIGENIS
589 267 644 339 IN
671 264 943 340 CANTICUM
971 270 1177 350 CANTIC.

208 429 306 508 solut
325 427 498 524 pacificus
518 430 775 502 nominabitur.
839 430 1101 530 competenter
1127 459 1216 536 ergo
1238 439 1281 518 in

208 531 286 606 hoc
302 529 449 622 libello,
475 530 536 620 qui
555 528 600 603 de
618 551 741 603 amore
761 528 894 624 sponsae
912 532 946 604 ἀ
963 533 1076 627 sponsi
1095 555 1173 608 erat
1197 538 1295 618 scria.

209 627 376 722 hendor,
402 632 509 704 etiam
530 650 599 723 pro
619 631 695 704 hoc
714 651 833 722 neque
852 629 945 705 filius
964 633 1117 727 David,
1153 639 1284 732 neque*

211 753 300 824 rex,
326 749 445 821 neque
465 729 558 802 aliud
573 730 728 826 horum,
754 731 852 822 quod
871 733 914 804 ad
928 751 1146 828 corporeum
1167 741 1277 832 perti·

208 851 298 907 nere
325 828 430 922 possit
452 829 700 923 intelletlum‚
736 829 927 923 scribitur,
953 849 994 906 ut
1016 838 1146 910 merito
1165 838 1210 912 tle
1229 861 1278 918 eo

208 930 368 1028 perfecie
378 931 451 1024 jam
465 927 591 1024 sponsa
603 932 726 1022 dicat,
754 933 834 1024 quia
849 932 924 1030 &fi
942 937 1112 1032 aliquando
1128 943 1274 1033 ognod,

206 1058 279 1106 mus
296 1036 461 1128 ,Chrt'jlum
477 1032 639 1116 [acardum
658 1055 802 1114 carnem,
828 1033 879 1120 sed
900 1059 987 1104 nunc
996 1040 1067 1131 jam
1086 1061 1155 1107 non
1177 1043 1275 1114 novel

205 1158 295 1219 ms,
321 1130 458 1222 nequis
479 1145 613 1226 putet,
639 1151 717 1206 eam
739 1152 956 1225 corporeum
978 1136 1107 1228 aliquid
1131 1159 1273 1236 amare,

128 1227 131 1232 ’
207 1223 272 1309 'aut
292 1232 333 1308 in
356 1250 466 1304 carne
487 1229 667 1324 positum,
699 1229 891 1306 &macula
910 1233 1026 1326 aliqua
1050 1239 1164 1310 amori
1193 1239 1272 1334 eju·

202 1332 377 1408 credatur
398 1329 533 1404 induci.
584 1329 783 1424 Propterea
815 1329 1002 1408 Canticum
1036 1334 1276 1418 Cantitorum

206 1429 393 1508 Salomoni
416 1429 670 1512 tantummodo
692 1431 768 1524 est,
794 1454 913 1524 neque
934 1431 1011 1508 filio
1031 1434 1184 1530 David,
1211 1459 1276 1524 nea

204 1553 279 1626 que
295 1531 370 1627 regi
383 1527 517 1621 lsrael,
544 1551 663 1624 neque
684 1533 800 1624 aliqua
818 1533 854 1605 in
873 1533 927 1607 hia
945 1534 1089 1628 prorsus
1104 1535 1275 1616 miscetur

203 1633 356 1708 carnalis
370 1629 527 1706 nominis
543 1629 789 1726 intelligentia.
841 1629 889 1704 Et
906 1655 952 1706 ne
973 1639 1130 1728 mireris,
1147 1641 1274 1736 quod,

206 1755 291 1810 curn
306 1750 398 1804 unua
417 1745 526 1822 atque
543 1730 636 1806 idem
653 1733 696 1806 fit
714 1733 879 1807 dominus
903 1747 1010 1825 atque
1028 1733 1185 1808 salvator
1205 1759 1273 1828 no·

106 1819 113 1840 “
203 1833 300 1928 ster,
325 1833 503 1921 dicamus,
530 1851 611 1903 eum
627 1834 731 1906 velut
743 1834 917 1908 minorem
934 1836 1050 1925 primo
1062 1837 1098 1908 in
1113 1835 1273 1914 Prover-

203 1935 296 2027 biis,
321 1927 501 2004 &deinde
520 1927 771 2022 proficientem
797 1935 834 2006 in
858 1929 1094 2028 Ecclesiaste,
1130 1936 1164 2010 ἃ
1188 1935 1273 2032 post

202 2033 283 2114 laec
312 2032 446 2105 habete
470 2027 730 2124 perfeclionem
757 2033 794 2104 in
830 2031 981 2105 Cantico
1014 2032 1274 2126 Canticorum

200 2153 288 2208 cum
303 2131 380 2206 hec
395 2131 501 2204 etiam
518 2130 554 2203 in
570 2131 767 2228 evangeliis
785 2131 907 2204 videas
924 2132 1077 2226 scripta,
1104 2136 1166 2210 ubi
1186 2159 1275 2232 pto·

130 2263 135 2276 ’
204 2249 287 2330 pter
301 2251 372 2305 not
390 2233 424 2304 ot
439 2226 510 2323 ipse
526 2229 564 2302 in
579 2231 686 2306 nobis
710 2231 840 2305 dicitur
856 2229 1047 2324 proficere.
1097 2235 1155 2308 Sic
1174 2237 1274 2318 enin

202 2333 386 2424 refertur,
412 2330 496 2422 quia
514 2330 610 2426 Jesus
627 2333 809 2426 proficiebat
831 2350 925 2403 atate
949 2336 987 2409 (Ἰ
1004 2337 1162 2428 [opinatio
1186 2341 1271 2435 apd

203 2440 311 2507 Deum
323 2430 364 2509 σ
375 2432 532 2504 homines.
565 2429 660 2503 Puto
676 2452 786 2527 ergo,
813 2432 911 2523 quod
928 2454 995 2526 pro
1012 2435 1065 2507 his
1085 2441 1270 2534 omnibus,

202 2557 320 2629 neque
333 2530 426 2606 filius
441 2529 588 2622 David,
616 2552 735 2622 neque
754 2551 817 2604 rex
835 2531 936 2604 lsrael
952 2530 1131 2608 scribitur:
1158 2537 1218 2612 sed
1231 2541 1267 2614 ἃ

202 2658 273 2731 pro
295 2657 343 2708 eo
362 2631 506 2721 adhuc,
532 2629 631 2721 quod
651 2631 697 2712 in,
711 2629 865 2704 Cantico
882 2629 1116 2708 Canticorum
1141 2633 1270 2728 sponsa

199 2739 272 2830 jam
286 2738 323 2810 in
338 2746 476 2806 tantum
487 2728 709 2824 profecerat,
726 2732 885 2822 utmajtts
900 2732 1029 2822 aliquid
1044 2733 1143 2826 elim,
1161 2759 1269 2828 quam

203 2837 254 2911 est
278 2852 429 2929 regnum
448 2828 678 2905 Hierusalem.
730 2829 826 2906 Nam
846 2830 1064 2908 Hierusalem
1088 2835 1269 2916 coelestem

201 2935 289 3008 dicit
306 2930 508 3027 Apostolus
525 2927 620 3024 effe,
647 2943 756 3022 atque
770 2930 812 3002 ad
829 2951 906 3005 eam
921 2947 1098 3006 memorat
1117 2939 1272 3012 creden·

200 3048 256 3108 tes
278 3033 463 3108 accedere.
514 3029 625 3104 Hunc
645 3051 733 3127 ergo
755 3027 947 3124 sponsum,
973 3033 1015 3105 ad
1036 3055 1139 3124 quem
1164 3058 1265 3112 nunc

198 3132 325 3230 sponsa
345 3131 513 3224 festinat,
544 3129 640 3204 idem
659 3129 811 3221 Paulus,
839 3151 920 3203 cum
945 3153 1027 3206 eum
1049 3133 1265 3226 pontificem

197 3237 390 3310 maximum
409 3231 524 3320 dicit,
555 3230 606 3302 ita
625 3228 670 3304 de
689 3250 736 3303 eo
757 3228 904 3321 scribit,
931 3231 1025 3322 quest
1049 3235 1204 3324 quinon
1225 3237 1265 3314 in

196 3335 296 3408 coelis
312 3334 375 3426 fit,
400 3329 459 3406 sed
469 3327 709 3419 pertransierit
724 3350 849 3403 omnes
867 3332 1002 3423 coelos,
1026 3333 1162 3407 &illuc
1176 3357 1267 3427 quo·

197 3453 269 3524 que
285 3453 366 3507 eum
376 3429 453 3534 ¹1²⁰
463 3428 523 3501 sua
537 3427 695 3522 perfetta
710 3426 835 3522 sponsa
849 3426 1020 3524 senetur,
1048 3425 1158 3507 immo
1176 3437 1263 3510 illuc

197 3533 380 3606 adherent
396 3531 430 3606 ei
445 3525 695 3619 &conjuncta
707 3527 979 3618 conscenderim
1004 3530 1053 3603 est
1063 3533 1155 3608 enim
1168 3533 1263 3612 faeta

196 3653 279 3708 cum
298 3653 347 3708 eo
363 3651 456 3706 unua
472 3628 626 3726 spiritua.
678 3623 787 3702 Unde
809 3628 954 3701 videtur
977 3632 1061 3704 mihi
1082 3631 1115 3704 δι
1136 3635 1180 3708 ad
1197 3636 1263 3710 Pe·

196 3745 315 3826 trum,
342 3732 496 3825 quinon
516 3737 665 3819 poterat
688 3749 768 3804 eum
784 3729 902 3822 primo
923 3721 1038 3823 sequi,
1065 3752 1146 3806 cum
1166 3735 1263 3810 dice-

192 3845 270 3906 rett
297 3836 371 3928 Quo
387 3856 437 3926 ego
457 3831 557 3916 vado,
582 3851 639 3900 vos
653 3849 720 3899 non
730 3829 856 3926 potestis
871 3835 985 3900 venire
999 3832 1102 3918 modo,
1118 3834 1260 3910 dixiss'e:

158 3969 165 3994 ·
190 3931 342 4038 senueris
366 3948 471 4010 curem
494 3926 603 4031 postu.
655 3928 770 4028 Quod
792 3941 912 4010 eutem
929 3928 972 4050 lit
996 3930 1128 4027 aliquid
1145 3937 1261 4064 major

120 3993 252 4141 ι,
1166 4033 1202 4109 o
