2734 4859
712 732 789 811 H
838 731 911 809 o
959 733 1049 809 M
1090 731 1241 810 11.
1286 731 1325 809 1
1375 729 1470 807 A·
1533 717 1864 815 ‘xvnt
2117 713 2126 732 '
2189 740 2338 833 σςι

169 905 197 936 ·
249 917 387 978 nea
447 895 742 971 dicenda
802 896 1087 991 forent,
1150 909 1233 970 ut
1292 895 1745 990 postmodum
1807 894 2171 981 ostendat,
2232 898 2347 997 se,

254 1020 409 1092 quae
437 996 642 1092 fingit
669 1000 902 1089 bona,
955 996 1313 1072 dimittere
1352 1019 1393 1071 e
1431 1000 1795 1090 manibus,
1844 1011 1929 1070 ut
1964 998 2178 1072 faciat
2203 1001 2350 1095 ipsa

253 1099 477 1187 mala3
550 1095 666 1170 sed
704 1095 904 1194 fingit
936 1098 1113 1170 mala
1148 1097 1351 1189 juxta
1395 1096 1730 1170 traditum
1770 1100 2240 1194 exemplum‚'
2278 1100 2349 1173 ὰ

256 1199 438 1271 mala
486 1193 763 1292 fingens
795 1249 820 1287 ,
868 1198 1011 1267 alio
1079 1195 1355 1287 insuper
1418 1196 1641 1268 modo
1706 1195 2091 1290 dispensat,
2142 1220 2354 1294 quam

263 1318 409 1388 quo
454 1299 917 1393 explicuimus
964 1295 1178 1368 illud:
1239 1294 1478 1370 Cecidit
1523 1297 1595 1367 de
1620 1297 1911 1386 manebus
1957 1302 2150 1385 meis,
2214 1315 2354 1393 ut,

202 1421 207 1426 ·
259 1417 420 1470 cum
458 1394 847 1486 ceciderit,
897 1396 1108 1471 etiam
1133 1390 1470 1471 fictorum
1496 1397 1845 1472 malorum
1868 1393 2031 1471 finis
2072 1396 2357 1492 nesci0,

257 1497 484 1589 qualis
518 1495 872 1569 adveniat.

281 1671 287 1678 ,
419 1603 484 1673 8.
536 1600 897 1667 Avertatur
949 1611 1102 1667 tunc
1135 1598 1561 1694 unusquisque
1606 1621 1646 1665 a
1690 1601 1808 1665 via
1851 1595 1973 1682 sua
2013 1597 2178 1667 mala
2206 1649 2226 1681 ,
2275 1594 2358 1672 ὅ

258 1696 520 1766 meliora
558 1694 762 1784 facite
782 1694 989 1791 fludio
1030 1697 1254 1792 vestra.
1353 1693 1718 1767 Interdum
1759 1694 2215 1787 simpliciores
2259 1695 2361 1766 di-

266 1806 480 1866 cunt:
532 1792 773 1884 Beati,
820 1797 940 1884 qui
966 1796 1137 1869 olim
1167 1795 1410 1873 fuere,
1462 1793 1794 1884 quoniam
1815 1794 2365 1866 audieruntl)o-

263 1893 531 1985 minum
574 1914 703 1985 per
736 1892 1165 1985 Prophetam
1198 1896 1549 1966 dicentem
1569 1946 1591 1982 ,
1647 1891 2082 1984 &loquutus
2115 1893 2217 1967 est
2251 1893 2364 1968 eis

265 1990 651 2068 Dominus.
751 1990 850 2064 Et
883 2014 1074 2066 nunc
1106 2014 1230 2088 per
1257 2014 1383 2085 ea,
1430 2013 1583 2086 quae
1610 1989 1864 2088 scripta
1900 1992 2100 2086 sunt,
2152 1993 2366 2067 dicits

266 2093 635 2166 Avertatur
681 2097 1105 2191 unusquisque
1146 2120 1188 2165 a
1226 2098 1342 2165 via
1369 2093 1483 2178 sua
1510 2093 1695 2164 mala.
1788 2093 1982 2168 Idem
2027 2092 2173 2188 ipse
2207 2093 2367 2166 Do-

267 2193 502 2268 minus
550 2204 624 2264 te
669 2193 1053 2281 alloquitur
1085 2246 1111 2286 ‚
1165 2192 1456 2265 dicens:
1506 2191 1603 2266 Er
1642 2193 1894 2264 meliora
1920 2193 2123 2285 facite
2153 2194 2372 2291 studia

270 2292 502 2385 vestra.
601 2288 707 2360 At
738 2289 1254 2382 responderunt
1292 2293 1412 2384 hi,
1470 2292 1566 2369 ad
1601 2311 1784 2383 quos
1818 2293 2371 2367 cohortationes
2515 2305 2522 2312 '

269 2391 357 2464 ad
409 2390 1196 2482 poenitentiamfhabitae
1247 2389 1426 2468 sunt.
1527 2392 1913 2466 Videamus
1945 2445 1971 2486 ,
2039 2394 2207 2487 quid
2255 2412 2371 2467 re·

270 2488 730 2584 sponderint,
799 2510 891 2563 ne
925 2492 1170 2565 eadem
1215 2490 1283 2564 δι
1321 2510 1460 2565 nos
1499 2485 2066 2584 respondeamus.
2171 2488 2374 2590 Quid¹

270 2592 490 2685 igitur
531 2587 1023 2682 respondent?
1081 2591 1638 2683 Consortabimur,
1685 2592 1993 2692 quia-post
2025 2593 2375 2689 aversiones

273 2690 513 2787 nostras
545 2690 763 2759 ibimus
799 2720 821 2777 ς
872 2690 948 2766 (5
979 2698 1410 2790 unusquisque
1443 2693 1678 2787 placita
1709 2694 1907 2762 cordis
1933 2692 2041 2781 sui
2077 2696 2227 2764 mali
2257 2692 2378 2784 fu-

274 2793 522 2862 ciemus.
623 2789 847 2881 Quod
891 2790 940 2863 fi
980 2790 1051 2861 id
1087 2791 1326 2863 verbis
1374 2809 1524 2863 non
1565 2790 1882 2864 dixeritis
1911 2842 1937 2882 ,
2003 2794 2159 2864 vita
2193 2810 2377 2863 vero

276 2886 513 2960 vestra
558 2887 903 2978 ejusmodi
941 2889 1024 2960 sit
1050 2941 1070 2973 ,
1124 2902 1205 2961 ut
1229 2891 1586 2978 peccetis,
1638 2891 1934 2982 perinde
1964 2890 2031 2965 dt
2069 2911 2209 2962 vos
2248 2907 2381 2980 per

275 3009 501 3081 prava
522 3005 744 3076 opera
773 2987 931 3078 post
961 2989 1488 3060 cohortationis
1522 2986 1879 3061 sermones
1902 2989 2168 3061 dicitis:
2216 2993 2400 3074 Com,

269 3087 669 3183 sanabimur
689 3135 714 3168 ‚
761 3093 912 3182 quia
944 3088 1073 3185 post
1104 3088 1451 3183 averfiones
1478 3089 1716 3185 nostras
1755 3092 2030 3176 ubimus3
2079 3087 2155 3164 (β’
2182 3112 2382 3156 unus-

284 3193 539 3285 quisque
560 3188 799 3279 plncita
830 3190 1024 3257 cordis
1050 3187 1162 3276 sui
1187 3188 1338 3257 mali
1352 3187 1685 3280 faciemus.
1787 3191 1874 3339 Q
1912 3189 1979 3261 id
2009 3207 2233 3282 porro
2255 3186 2383 3259 fibi

285 3287 452 3359 vult
487 3284 705 3359 istud:
768 3287 895 3384 Pofl
932 3288 1275 3382 aversiones·
1303 3288 1544 3384 nostras
1586 3290 1811 3357 ibimus
1842 3342 1860 3357 .
1924 3290 2069 3387 Qui
2120 3288 2203 3359 ad
2237 3304 2385 3358 ara-

281 3402 473 3460 trum
525 3405 806 3459 manum
856 3407 1135 3480 ponere
1184 3402 1594 3480 coeperunt,
1642 3386 1712 3459 &
1762 3385 1850 3459 ad
1899 3409 2023 3471 ea,
2074 3407 2229 3479 quae
2263 3404 2389 3459 an-

279 3484 593 3560 trorsum
634 3483 789 3556 sunt
818 3536 844 3575 ,
895 3487 1344 3568 contendunt
1374 3537 1399 3576 ,
1453 3507 1607 3577 quae
1650 3499 1885 3561 autem
1930 3501 2132 3561 retro
2174 3486 2384 3578 sunt,

285 3584 854 3677 obliviscuntur,
903 3586 953 3657 ii
988 3582 1281 3658 aversati
1313 3583 1476 3658 sunt
1517 3586 1718 3663 mala.
1821 3588 2136 3687 Quando
2169 3586 2416 3683 igitur*

283 3685 633 3776 quispiam
678 3703 893 3756 manu
937 3683 1025 3757 ad
1067 3701 1374 3759 aratrum
1415 3685 1644 3778 posita
1686 3683 1774 3760 ad
1816 3708 1942 3774 ea,
1993 3705 2148 3776 quae
2183 3696 2388 3761 retro

286 3781 488 3872 sunt,
544 3782 613 3855 se
646 3784 1133 3870 converterit,
1185 3780 1346 3877 post
1375 3784 1780 3858 aversiones
1825 3781 1978 3862 suas
2014 3783 2193 3858 ibit:
2244 3784 2395 3857 abit

295 3883 487 3954 euim
536 3880 697 3973 post
730 3904 855 3973 ea,
907 3904 1059 3975 quae
1100 3882 1333 3957 fuerat
1378 3882 1781 3977 aversatus,
1833 3886 1903 3959 ἀ
1945 3887 2252 3958 recurrit
2299 3880 2392 3956 ad

289 4003 419 4070 ea,
473 4000 625 4068 quae
649 3983 1360 4075 reliqueratpeccata.
1463 3982 1923 4058 Audientium
1950 3988 2190 4077 itaque
2209 3981 2393 4074 haec,

294 4082 447 4154 five
473 4081 568 4150 illi
601 4080 788 4152 inter
817 4083 1366 4156 catechumenos
1412 4080 1661 4156 relieto
1685 4086 2054 4179 gentilium
2093 4080 2394 4155 vivendi

292 4199 503 4255 more
545 4193 1095 4271 enumerentur,
1143 4181 1291 4255 five
1334 4180 1580 4257 fideles
1625 4182 1798 4274 sint,
1849 4185 1971 4274 qui
1999 4185 2138 4275 jam
2168 4182 2254 4253 ad
2276 4200 2392 4267 ea,

295 4301 452 4369 quoe
494 4277 888 4356 antrorsum
928 4279 1132 4360 sunt,
1183 4281 1695 4354 contendendo
1736 4283 2039 4357 fecerint
2077 4277 2401 4377 progres-

294 4378 454 4474 sus,
505 4379 551 4454 fi
592 4378 744 4452 vita
793 4377 1011 4454 fuerit
1062 4401 1286 4476 prava
1316 4434 1343 4475 ,
1372 4381 1570 4462 -nihil
1617 4381 1804 4470 aliud
1853 4382 2102 4456 dicunt
2152 4391 2399 4469 quam-r

2194 4477 2331 4565 vul}
