2734 4859
200 566 247 654 m
284 479 548 642 'omdauu
572 549 631 630 tu
654 549 932 629 eluricum
958 548 1161 632 cuumc.

199 718 288 794 dicit
308 715 499 811 scriptura:
527 718 574 790 Et
590 719 699 789 mluit
712 719 843 788 Ammon
857 716 969 788 audite
984 739 1087 788 votem
1100 719 1190 813 ejus,
1209 717 1267 810 sad

200 819 349 892 invaluit
366 819 457 916 [uper
477 844 562 905 catu,
588 817 626 896 d
645 820 841 890 humiliavit
857 841 943 910 eaor,
968 815 1008 894 U
1022 819 1176 890 dormivit
1194 843 1266 902 etta

199 945 267 1009 ta,
281 922 320 996 o
339 921 445 990 odivit
462 945 529 991 tam
544 921 612 992 odio
629 925 759 991 Amnon
778 943 888 1012 magno
899 917 1009 988 valde:
1035 925 1186 1014 quoniam
1200 945 1267 994 uta·

193 1025 251 1122 jus
268 1035 340 1090 ctat
362 1022 490 1106 odium,
515 1043 574 1118 qut
595 1023 704 1090 oderat
723 1043 814 1107 eam,
841 1029 935 1114 quam
953 1017 1099 1106 dileslio,
1124 1044 1190 1116 qua
1213 1023 1264 1094 di-

198 1123 322 1202 laxarat
335 1141 415 1192 eam.
465 1115 515 1192 Et
531 1120 569 1192 in
583 1119 638 1194 his
656 1135 764 1214 ergo,¹
792 1119 879 1192 &in
897 1119 1057 1210 pluribus
1077 1121 1152 1194 aliia
1169 1121 1264 1198 lotia

199 1219 387 1310 invenies,
413 1216 623 1315 scripturam
645 1219 803 1292 divinam
822 1215 986 1314 refugisse
1002 1217 1133 1292 amoris
1152 1241 1264 1298 voca·

201 1322 346 1412 bulum,
372 1318 609 1398 &charitatis
632 1317 906 1410 diletljonisque
929 1314 1091 1411 posuisse.
1148 1319 1264 1396 lnter.

199 1423 314 1502 dium,
338 1420 427 1492 licet
444 1439 556 1510 raro,
582 1419 735 1512 proprio
753 1434 872 1492 tamen
893 1417 1078 1491 vocabulo
1101 1439 1273 1498 amorem,

198 1521 382 1611 nominat,
407 1518 586 1593 &invitat
603 1519 647 1592 ad
666 1539 747 1592 eum
769 1532 877 1607 atque
895 1519 1023 1592 incitat
1039 1518 1197 1614 animas,
1223 1535 1264 1596 ut

136 1695 140 1716 ,
200 1641 282 1694 cum
302 1617 390 1691 dicit
409 1620 447 1692 in
461 1618 672 1693 Proverbiis
693 1617 738 1692 de
751 1614 944 1711 sapientia:
970 1620 1093 1688 Alama
1109 1642 1196 1710 eam,
1222 1619 1261 1698 tt

198 1719 339 1804 servabit
360 1735 415 1791 te.-
439 1720 599 1792 circumda
615 1743 699 1803 tm,
725 1717 763 1794 U
783 1719 938 1790 exaltabit
958 1735 1006 1787 te:
1033 1718 1263 1808 honoratam,

199 1819 241 1902 Θ·
259 1816 475 1914 complelittur
497 1838 540 1892 tt.
590 1818 660 1894 Sed
683 1817 717 1890 &
738 1819 775 1890 in
795 1837 841 1890 eo
861 1817 1014 1907 libello,
1051 1818 1109 1908 qui
1129 1819 1261 1896 dicitur

197 1919 367 2012 sapientia
384 1918 612 2014 Salomonis,
642 1919 693 1991 ita
713 1913 882 2010 scriptum
901 1915 952 1990 est
974 1917 1019 1990 de
1038 1916 1109 2009 ipsa
1128 1916 1263 2014 sapien·

198 2022 267 2106 tia:
293 2019 549 2114 Amattrsofiur
566 2021 636 2106 sum
655 2023 768 2088 laeam
793 2023 870 2116 ejulo
922 2015 1094 2089 Arbitror
1116 2029 1261 2118 autem,

198 2121 321 2212 quod,
347 2121 409 2191 ubi
423 2122 521 2192 nulla
533 2116 647 2213 lapsus
664 2118 856 2192 videbatur
868 2118 1031 2208 occaslO,
1057 2117 1107 2190 ibi
1121 2133 1264 2200 tantum

196 2219 474 2300 uomenomorit
489 2217 645 2292 inseruit
679 2217 778 2320 Quid
794 2217 1072 2312 enimptffibile,
1100 2235 1162 2290 aut
1177 2221 1262 2312 quid

196 2321 408 2392 indecorum
432 2317 536 2410 polilt
560 2318 683 2409 aliquis
707 2318 898 2392 advertere
919 2317 955 2389 iu
982 2339 1105 2390 amore
1130 2316 1263 2411 sapien·

196 2419 278 2498 tiae,
305 2418 366 2490 vel
382 2420 417 2488 in
434 2439 508 2508 eo,
541 2417 601 2507 qui
623 2415 657 2490 se
679 2432 877 2492 amatorem
898 2414 1112 2510 profiteatur
1127 2418 1197 2492 elle
1215 2420 1261 2494 sa·

196 2515 364 2614 pientiae‘l
389 2515 520 2591 Namsr
535 2515 696 2609 dixisset,
723 2519 804 2609 quia
815 2520 994 2590 adamavit
1009 2519 1067 2589 vel
1084 2517 1177 2590 lsaac
1192 2521 1262 2596 Re·

195 2621 364 2707 beccam,
393 2618 453 2690 vel
466 2617 581 2711 Jacob
597 2616 752 2709 Rachel,
780 2617 887 2709 paffio
903 2619 1153 2708 utiquealiquu
1166 2621 1262 2695 inde·

197 2737 285 2791 cora
298 2735 362 2807 per
379 2715 455 2790 haec
471 2721 583 2790 verba
600 2739 683 2814 erga
705 2717 840 2790 sanilos
860 2717 930 2791 Dei
947 2718 1109 2790 homines
1127 2721 1262 2809 potuis·

195 2816 249 2892 set
264 2817 436 2912 intelligi,
463 2817 557 2909 apud
570 2838 636 2890 eos
649 2819 848 2910 praecipue,
871 2819 928 2909 qui
945 2817 1126 2908 nesciunt,
1148 2842 1167 2892 a
1185 2823 1262 2895 lite·

194 2939 234 2990 ra
249 2914 492 2990 conscendere
507 2917 551 2990 ad
568 2915 738 3008 spiritum.
768 2915 993 3011 Apertiffimc
1007 2935 1124 2991 autem
1136 2922 1171 2992 in
1188 2922 1263 2996 hoo

194 3020 271 3110 ipso
288 3018 435 3110 libello,
462 3017 520 3108 qui
540 3016 695 3090 habetur
715 3018 750 3089 in
767 3019 951 3110 manibus,
979 3020 1108 3091 amoris
1126 3042 1261 3098 nomen

197 3117 378 3190 charitatis
405 3117 592 3190 vocabulo
612 3130 852 3210 permutatum
875 3117 947 3210 est,
972 3119 1007 3188 iu
1034 3140 1102 3200 eo,
1130 3124 1192 3194 ubi
1212 3125 1262 3196 di-

196 3220 266 3291 xit:
292 3217 609 3313 Adjutovivosfiliae
624 3219 842 3303 Hierusalem.
861 3221 1260 3314 fiinoeueriristratrttt·

194 3320 255 3390 lem
284 3342 407 3405 meum,
441 3332 481 3388 ott
500 3322 708 3389 annuntietis
730 3322 775 3404 ei,
813 3324 888 3413 quia
913 3320 1260 3396 volutarata'tlrarita·

195 3425 242 3490 tis
256 3442 305 3510 ego
320 3419 407 3504 sum:
434 3419 751 3510 promittique,
779 3431 819 3489 ut
846 3419 1002 3489 diceret:
1035 3423 1159 3495 Amoris
1189 3429 1259 3520 ejus

130 3555 134 3562 ·
195 3519 256 3590 telo
274 3517 409 3613 percuffa
422 3517 504 3605 sarm.
554 3516 656 3591 Nihil
675 3539 763 3614 ergo
787 3518 933 3591 interest
947 3518 982 3590 iu
1007 3517 1187 3612 scripturis
1210 3524 1260 3596 di·

193 3618 310 3708 vinis,
329 3629 449 3689 utrum
462 3617 615 3690 charitas
633 3618 793 3709 dicatur,
821 3640 863 3690 au
882 3639 1003 3709 amor,
1021 3625 1078 3692 vel
1093 3621 1257 3697 diletlio:

193 3718 253 3792 nisi
276 3717 375 3808 quod
400 3718 436 3791 in
463 3731 602 3792 tantum
622 3738 756 3791 nomen
782 3718 963 3790 charitatis
981 3723 1189 3814 extollitur,
1217 3738 1258 3796 ut

194 3820 300 3890 etiam
323 3816 396 3909 ipse
419 3816 520 3889 Deus
547 3818 699 3890 charitas
725 3820 951 3910 appelletur,
986 3819 1074 3892 ficut
1096 3823 1256 3914 Joannet

193 3919 302 3992 dixit:
331 3913 510 4008 Coriffimi,
529 3921 694 4010 diligamus
707 3923 863 4004 invitam,
889 3924 962 4013 quia
974 3923 1114 3990 charitas
1134 3948 1173 3992 ex
1193 3927 1259 3994 Dte

193 4018 253 4113 eli,
279 4015 318 4094 ὅ
336 4041 459 4110 mnis,
485 4024 541 4114 qui
557 4020 680 4110 diligit,
707 4044 746 4088 ex
768 4024 944 4089 Deouatus
963 4025 1019 4115 ejl,
1049 4020 1086 4095 (5
1107 4025 1257 4115 cognoscit

194 4123 317 4190 Deum.-
341 4123 518 4215 quitatem
539 4143 605 4189 uon
619 4121 752 4210 diligit,
778 4143 844 4190 mou
864 4125 1009 4212 cognoscit
1035 4125 1152 4202 lleuiu,
1180 4131 1258 4220 quia

193 4223 285 4298 Deus
300 4218 444 4290 claritas
470 4217 521 4314 ιβ.
571 4213 621 4292 Et
638 4218 801 4310 quamvis
827 4221 972 4300 alterius
994 4225 1167 4394 tempodrls
1190 4222 1255 4319 fit,

1133 4344 1203 4396 tce·
