2734 4859
391 599 764 750 uonrnte
813 652 926 747 xtv.
997 701 1001 714 ,
1110 692 1184 768 ,55

130 838 168 922 de
181 833 374 933 Seraphim,
398 831 438 912 dt
454 835 560 928 tetigit
573 831 658 904 laide
674 854 759 920 mee,
784 832 822 907 θ
838 831 951 903 dixit:
982 830 1059 906 Erre
1071 833 1186 932 eiflrrli

129 942 322 1036 iniquitates
340 949 437 1019 tear,
462 932 502 1010 U
509 950 635 1032 peccem
652 947 709 1002 tea
723 935 870 1027 purgavi.
919 929 1064 1007 Pristina
1077 935 1186 1032 igitur

132 1051 281 1134 peccata
302 1040 450 1130 purgata
472 1032 571 1140 sunt,
597 1030 632 1106 dt
653 1030 777 1128 dignus
797 1027 945 1105 effedus
960 1030 1093 1125 Spiritu
1113 1034 1186 1110 san·

136 1138 195 1211 ito
207 1135 308 1210 Isaiae
325 1134 571 1230 prophetavit.
596 1130 655 1206 De
673 1130 748 1204 aliis
762 1150 905 1225 quoque
920 1130 1039 1205 finilia
1051 1132 1189 1225 stoue·

132 1255 207 1325 ras,
232 1235 401 1326 reperies.
450 1229 504 1304 At
520 1251 597 1305 non
615 1231 695 1316 talis
712 1229 904 1326 Jeremias3
937 1230 980 1304 ab
996 1232 1075 1325 ipsu
1094 1237 1190 1313 enim

136 1335 321 1409 cunabulis
345 1331 477 1427 Spiritu
501 1330 618 1406 saneto
641 1333 795 1425 plenus,
835 1328 1054 1424 prophetare
1086 1333 1187 1410 orsus

135 1434 206 1512 este
232 1446 384 1527 propter
404 1431 501 1524 quod
517 1429 585 1505 ait:
611 1426 823 1528 (secundum
846 1449 1069 1507 communem
1089 1435 1190 1529 quip-

136 1558 185 1632 pe
204 1530 339 1607 sensum
353 1533 504 1626 primum
517 1531 686 1606 debemus
700 1525 918 1627 exponere.)
946 1535 1019 1605 Heu
1031 1534 1112 1604 mide·
1125 1560 1192 1607 ma.

137 1654 215 1726 ter,
241 1656 336 1732 quere
352 1656 399 1705 me
411 1631 547 1732 genterflr'
562 1637 671 1704 uirum
695 1640 753 1729 qui
771 1633 895 1728 judicer
909 1626 950 1707 (5
971 1632 1130 1721 discernar
1153 1634 1192 1707 ab

134 1739 223 1806 omni
238 1726 351 1816 terrai,
375 1733 529 1833 Quidam
545 1743 664 1807 autem
681 1729 779 1805 hunc
793 1730 914 1804 locum
930 1729 1192 1829 interpretans,

137 1836 210 1927 ait,
234 1831 452 1924 Prophetam
471 1852 548 1904 non
568 1832 614 1906 ad
630 1835 777 1907 matrem
796 1829 1020 1925 corporalem
1042 1832 1117 1905 hec
1138 1834 1193 1908 lo·

136 1947 262 2007 cutum
276 1929 407 2024 fuiffe,
433 1929 492 2006 sed
510 1930 554 2004 ad
569 1953 676 2025 eam,
712 1950 789 2021 quae
808 1943 958 2027 generet
977 1932 1190 2025 prophetas:

134 2053 208 2107 nec
224 2032 325 2106 aliam
340 2030 410 2106 effe
429 2044 577 2106 nntrem
596 2030 883 2126 prophetarum,
908 2028 970 2104 uid
989 2030 1194 2124 sapientiam

138 2129 235 2218 Dei,
262 2131 306 2204 td
322 2151 426 2222 quam
445 2132 516 2206 ait:
546 2135 618 2204 Heu
634 2132 718 2201 mitt
730 2147 832 2202 mater
853 2150 940 2203 mea:
965 2133 1057 2221 quast
1081 2134 1194 2208 dicate

139 2251 206 2305 cur
223 2252 282 2306 me
298 2230 473 2326 genuisti,
499 2251 523 2304 o
546 2227 745 2326 sapientia?
769 2228 881 2305 Filios
902 2249 996 2304 vero
1018 2229 1196 2325 sapientie

142 2330 178 2404 dr
194 2331 277 2404 alibi
294 2330 463 2428 legimus,
488 2327 661 2425 scriptura
684 2330 846 2405 dicente:
882 2332 1019 2404 Emittit
1032 2323 1195 2428 lupianum

134 2432 224 2524 filios
235 2438 316 2521 jun.
368 2431 450 2504 Heu
468 2428 581 2524 mihi,
608 2430 746 2522 inquit,
772 2443 886 2505 mater
907 2451 987 2505 mea
1007 2428 1194 2524 sapientia:

143 2531 360 2623 quahdicat:
382 2549 511 2603 curme
524 2529 672 2626 genuisti
687 2532 826 2624 virum,
847 2532 906 2622 qui
919 2527 1083 2623 judicer?
1104 2535 1197 2629 Quis
1217 2531 1221 2538 '

143 2651 215 2727 ego
233 2628 328 2722 sum,
354 2629 546 2721 quiinhoc
563 2628 779 2722 natussum,
804 2641 846 2704 ut
855 2631 994 2724 judicer
1012 2646 1117 2723 atque
1134 2632 1200 2706 dis·

144 2749 270 2803 cernar
283 2742 433 2824 propter
446 2729 730 2824 increpationes,
749 2746 901 2825 propter
914 2733 1201 2823 correptionem,

141 2843 295 2926 propter
306 2828 560 2924 magisterium,
587 2828 669 2902 dum
684 2830 867 2927 corrigere
886 2830 985 2902 nitor
997 2828 1200 2906 habitantes

145 2929 251 3021 super
267 2926 424 3002 terram?
445 2905 491 3002 di
509 2928 678 3024 Jerernias
694 2928 798 3003 dicit:
824 2948 887 3002 cur
903 2949 961 3004 me
975 2929 1122 3025 genuisti
1145 2931 1200 3004 vi·

144 3050 246 3119 rum,
271 3030 329 3119 qui
342 3027 500 3121 judicer,
526 3024 751 3101 &discernar
764 3027 893 3102 terrei
917 3026 1008 3103 Non
1018 3028 1200 3125 possumus
1239 3098 1242 3110 .

145 3148 352 3221 exponere,
379 3128 462 3221 quid
477 3127 540 3209 stt,
565 3132 652 3198 omni
664 3144 775 3219 τινας
796 3148 914 3221 neque
930 3128 1024 3202 enim
1039 3130 1082 3202 ab
1098 3128 1201 3204 omni

146 3243 244 3301 terra
268 3228 478 3319 dijudicatur
498 3228 691 3322 Jeremias,
722 3228 786 3302 nisa
806 3227 903 3301 forte
919 3228 1101 3302 violenter
1123 3229 1203 3304 scri·

147 3341 289 3425 pturam
307 3327 510 3421 trahentes,
537 3327 720 3419 dicamus,
746 3327 899 3417 positum
916 3326 1007 3411 effe,
1030 3334 1117 3402 omne·
1138 3347 1203 3402 ter.

150 3453 211 3505 re,
247 3447 316 3524 pro
348 3428 447 3500 omni
473 3425 604 3523 Judaea.
655 3424 823 3502 Necdum
855 3427 986 3526 quippe
1009 3431 1204 3528 prophetia

148 3528 224 3620 eius
243 3528 309 3601 illo
336 3538 502 3620 tempore
526 3526 563 3599 in
590 3526 792 3601 universam
817 3540 946 3604 terram
967 3544 1203 3624 pervenerat:

148 3625 212 3701 nist
226 3626 355 3719 forte,
388 3623 539 3699 sicuti&
562 3625 599 3699 in
621 3627 696 3701 aliie
713 3629 832 3702 multis
850 3628 941 3702 locis
965 3626 1204 3722 ostendimus,

149 3725 336 3822 Jeremiam
353 3745 422 3821 pro
442 3723 605 3799 Domino
623 3725 749 3800 nostm
765 3725 847 3821 Jesu
865 3725 1006 3802 Christo
1028 3720 1204 3824 potitum,

150 3824 241 3900 stc&
255 3823 460 3919 inpraesenti
471 3823 559 3899 loco
572 3824 863 3921 interpretemur.
887 3826 1155 3906 Annotavimus
1166 3821 1205 3905 in

150 3923 330 4019 principio
340 3925 443 4018 hujus
457 3924 539 3998 libri
547 3922 693 4000 diuum:
714 3928 899 4024 minem
911 3930 1107 4024 ingentibus
1118 3932 1207 4028 posui

148 4028 477 4117 temperandum,
497 4022 537 4102 U
543 4025 739 4116 subuertere,
756 4026 795 4103 U
802 4025 982 4125 disperdere,
992 4028 1031 4109 t‘J
1041 4031 1207 4122 edificare,

151 4127 191 4201 m
211 4129 372 4219 plantare.
420 4121 538 4198 Porro
553 4124 724 4220 Jeremias
740 4125 803 4200 ista
816 4145 892 4200 non
912 4128 1026 4223 fecit,
1052 4128 1111 4203 sed
1126 4129 1208 4202 Doa

151 4227 267 4301 minus
291 4205 528 4317 mentiosus,
553 4226 613 4315 qui
635 4225 833 4300 eradicavit
849 4245 959 4325 regna
978 4228 1147 4323 peccati,
1173 4228 1210 4304 dr

150 4322 390 4401 edificatione
401 4325 568 4418 nequitie
584 4321 771 4423 subversa,
792 4323 884 4402 iecit
895 4328 1226 4494 naumann&
