2734 4859
1077 723 1079 729 ,
1126 630 1199 710 17,

134 765 179 844 td
207 785 497 862 unamqutmque
525 760 673 842 animam
689 766 828 841 'referri
862 767 963 864 posse
991 767 1199 871 videbitur,

136 867 239 964 quod
254 871 321 943 ait:
345 865 586 944 Similitudines
597 869 673 938 ariri
683 865 840 962 feriemus
858 870 922 940 tibi
937 894 1004 942 cum
1018 871 1198 970 diflinaia-

131 969 226 1044 ntus
245 971 392 1062 argenti,
418 969 510 1039 donec
529 967 585 1038 rex
595 967 642 1064 fir
660 962 698 1040 in'
716 969 856 1042 recubitu
867 970 936 1060 fiee.

207 1069 350 1142 Norden
366 1091 433 1138 mea
449 1068 534 1139 dedit
552 1070 670 1139 odorem
677 1069 785 1157 suum,
812 1067 886 1142 srve
897 1071 1014 1143 odorem
1023 1072 1101 1168 ejus.
1151 1069 1197 1148 lh

134 1165 252 1262 specie
276 1166 442 1241 dramatis
466 1133 704 1240 videturhoc
719 1165 881 1262 ostendi,
907 1169 1006 1260 quod
1024 1170 1104 1263 post
1118 1169 1197 1244 haec

134 1269 249 1342 verba
266 1265 415 1363 ingressa
428 1265 470 1340 lit
480 1263 604 1360 sponsa
614 1267 657 1339 ad
670 1264 846 1359 sponsum,
870 1270 902 1340 dr
919 1270 1111 1365 unguentis
1125 1268 1195 1344 suis

136 1365 287 1441 unxerit
305 1385 408 1460 eum,
455 1385 497 1439 ae
516 1366 609 1440 miro
632 1365 786 1459 quodam
800 1386 953 1462 genere,
997 1369 1091 1462 quast
1115 1388 1197 1444 nar-.-

133 1465 214 1558 dus,
240 1485 322 1558 quae
330 1465 429 1558 prius
442 1465 593 1540 odorem
607 1486 682 1538 non
700 1465 859 1548 dederat,
884 1487 991 1557 quum
1003 1466 1088 1538 elset
1099 1467 1195 1562 apud

132 1561 320 1660 sponsam,
352 1577 441 1638 tunc
468 1564 606 1642 dederit
629 1563 780 1638 odorem
807 1561 927 1657 suum,
955 1584 1036 1638 cum
1060 1586 1194 1658 corpus

134 1665 293 1764 contigit
313 1659 448 1757 sponsi,
481 1678 523 1736 ut
547 1677 713 1738 nontam
736 1665 796 1737 ille
820 1685 864 1735 ex
880 1664 992 1737 nardo
1014 1663 1192 1759 odorem,

133 1783 237 1858 quam
251 1763 385 1840 nardus
404 1783 450 1836 ex
471 1762 547 1856 ipso
561 1758 735 1855 sumpsisse
749 1762 927 1841 videatur.
979 1762 1016 1835 si
1035 1782 1128 1837 vero
1143 1760 1195 1838 se·

132 1863 292 1940 eundum
305 1861 398 1937 hanc
414 1859 672 1954 differentiam,
699 1883 776 1954 quae
793 1863 829 1938 in
847 1863 920 1935 aliis
934 1862 1119 1937 invenitur
1132 1884 1193 1936 ex·

133 1961 373 2058 emphatibtw,
410 1960 578 2058 legimus:
615 1964 751 2034 Norden
775 1987 841 2032 meo
860 1964 944 2033 dedit
967 1963 1086 2034 odorem
1106 1965 1193 2056 ejus,

131 2061 322 2138 invenitur
331 2059 447 2135 adhue
462 2060 592 2152 aliquid
603 2061 777 2134 divinius:
804 2061 1194 2158 utvidelicetunguen·

132 2177 210 2236 tum
228 2161 304 2236 hoc
316 2160 441 2252 nardi,
463 2181 536 2253 quo
555 2157 681 2233 unitus
698 2158 749 2233 est
764 2159 932 2252 sponsus,
956 2181 1033 2234 non
1051 2173 1194 2234 tantum

133 2259 254 2350 soum,
288 2259 349 2352 qui
367 2259 480 2334 nardo
503 2257 611 2333 inesse
628 2262 837 2333 naturaliter
863 2258 975 2354 solet,
1008 2258 1067 2334 sed
1086 2258 1192 2352 ipsrus

130 2357 248 2454 spons
271 2359 425 2433 odorem
442 2361 601 2454 ceperit,
628 2358 782 2452 &ipsius
804 2359 956 2433 odorem
974 2358 1017 2432 ad
1032 2356 1193 2454 sponsam

130 2455 386 2552 reportaverit
400 2459 549 2531 nardus:
572 2471 614 2530 ut
629 2460 664 2530 in
679 2479 740 2550 co,
767 2479 840 2550 quo
857 2460 961 2531 unxit
978 2480 1074 2551 eum,
1100 2456 1192 2530 odo-

132 2578 209 2632 rem
235 2555 356 2652 sponsi
381 2579 445 2651 per
465 2558 568 2650 ipsios
587 2557 759 2653 unguenti
779 2579 907 2629 munus
930 2557 1130 2651 acceperit,
1157 2557 1193 2628 dt

131 2657 206 2730 hoc
223 2655 288 2750 lit,
314 2656 412 2750 quod
428 2656 546 2729 dicere
563 2657 747 2730 videatur:
770 2654 914 2729 Nardus
929 2680 1021 2748 mea,
1048 2678 1116 2748 qua
1127 2678 1194 2728 un·

130 2757 168 2830 xi
194 2754 385 2851 sponsum,
428 2751 578 2927 regressa
609 2756 652 2828 ad
683 2777 741 2829 me
772 2756 923 2830 odorem
952 2757 1037 2830 mihi
1062 2756 1193 2829 detulit

130 2853 271 2950 sponsi,
300 2854 453 2930 &velut
483 2869 633 2949 upcrato
653 2855 803 2928 naturali
818 2851 881 2927 suo
903 2856 1020 2929 odore
1036 2853 1194 2950 fragran-

132 2956 180 3027 tia
195 2951 336 3048 sponsi,
360 2953 928 3048 ipsiusmilridetulitsuavitatem.
979 2953 1193 3026 Haechabet

131 3053 295 3128 historici
309 3053 473 3126 dramatis
490 3054 714 3146 explanatio:
739 3051 796 3126 sed
814 3055 996 3127 veniamus
1007 3054 1078 3144 jam
1095 3070 1194 3124 nunc

132 3153 175 3226 ad
200 3153 472 3248 intelligentiam
495 3149 695 3243 spiritalem.
747 3150 924 3225 Ponamus
950 3152 1009 3224 hic
1031 3146 1194 3244 sponsam

132 3253 318 3328 ecclesram
334 3253 372 3325 in
387 3249 537 3344 persona
557 3252 702 3343 Mariae,
729 3272 805 3341 quae
818 3252 988 3324 decenter
1007 3248 1192 3342 utiquedi-

133 3355 228 3424 citur
247 3349 378 3424 afferre
394 3353 517 3424 libram
534 3352 703 3446 unguenti
724 3352 822 3426 nardi
844 3349 956 3443 pistici
972 3349 1130 3443 pretiosi,
1156 3349 1194 3421 dt

132 3471 273 3547 ungere
289 3449 397 3544 pedes
410 3448 513 3547 Jesu,
541 3450 777 3546 &detergere
795 3453 928 3545 capillis
943 3448 1031 3540 suis,
1057 3448 1195 3519 &reci-

133 3571 222 3644 pere
239 3550 509 3643 quodammodo
535 3570 577 3621 ac
599 3569 811 3641 recuperate
832 3567 895 3643 per
911 3551 1045 3624 crinem
1064 3548 1193 3639 capitis

134 3647 184 3722 sui
205 3651 250 3721 ad
269 3647 486 3742 semetipsam
502 3663 721 3743 unguentum
741 3671 786 3721 ex
806 3649 975 3741 qualitate
992 3669 1036 3720 ac
1054 3649 1194 3722 virtute

135 3748 303 3842 corporis
320 3748 397 3840 ejus
413 3746 598 3821 infectum:
624 3748 656 3820 u
672 3747 823 3823 odorem
838 3763 999 3824 nontam
1013 3747 1194 3841 nardiper

135 3863 379 3944 unguentum,
412 3867 514 3939 quam
537 3847 641 3942 ipsius
662 3847 767 3920 verbi
786 3845 856 3922 Dei
881 3845 973 3922 adse
990 3848 1195 3919 trahentem

134 3968 200 4044 per
224 3947 398 4040 capillos,
432 3948 558 4040 quibus
585 3943 805 4043 abstergebat
820 3947 950 4039 pedes,
976 3944 1194 4038 &imposuit

135 4049 242 4140 capiti
260 4043 342 4141 suo,
369 4067 445 4118 non
462 4060 533 4117 tam
550 4047 663 4140 nardi,
692 4065 793 4136 quam
808 4044 934 4121 Christi
948 4043 1193 4140 fragrantiam:

137 4145 317 4236 dedicere,
344 4146 566 4238 quianardus
584 4165 662 4218 mea
679 4141 774 4217 missa
785 4146 821 4217 in
832 4166 961 4238 corpus
974 4140 1102 4216 Christi
1115 4139 1194 4213 red·

138 4243 225 4321 didit
253 4243 410 4326 odorem
434 4245 521 4340 ejus.
570 4243 741 4336 Denique
765 4243 871 4342 vide,
911 4242 1097 4338 quomodo
1117 4241 1194 4312 haec

623 4344 670 4419 tt
696 4362 718 4420 e
1078 4338 1161 4446 ipsa
