2734 4859
491 243 835 324 LIBERII.
1126 275 1196 350 129

114 412 286 493 miserint
302 409 519 487 Hieremiam
534 410 683 481 inlocum
697 411 846 483 Melchiae
852 414 925 502 filii
937 418 1032 508 regis,
1058 419 1197 512 quierat

115 523 155 586 in
179 520 270 585 domo
287 519 438 599 carceris,
465 510 504 586 U
518 511 723 606 deposuerunt
743 536 812 582 eum
827 539 895 584 cum
910 514 1071 607 funibus,
1097 513 1136 593 U
1156 524 1195 588 im

119 619 191 689 lucu
217 638 289 685 nom
308 629 378 684 erar
401 636 505 709 aqua,
531 613 586 701 sed
608 635 748 700 cunum,
779 612 818 689 U
835 631 906 685 erut
926 620 964 685 in
977 640 1070 692 cumo.
1122 623 1194 689 Au·

122 719 212 790 diem
233 730 343 786 aurem
360 712 577 798 Aiiimeum,
602 713 759 808 AEthiops
773 719 830 786 vir
844 716 1023 810 eunuchus,
1057 721 1197 814 quierat

123 821 160 887 in
177 818 268 888 domo
293 816 384 907 regis,
410 816 485 910 quia
499 812 654 902 miseruut
673 816 867 885 Hieremiam
881 818 919 885 in
933 816 1046 903 lacum,
1071 818 1195 890 locutus

125 918 265 1016 giregi,
298 914 338 990 U
358 916 462 986 dixit:
492 916 629 984 Domine
641 933 698 982 rex
712 913 954 1005 malefecerunt
972 921 1046 987 viri
1061 917 1111 1013 ifli
1129 937 1195 988 om·
1243 921 1246 926 ’

126 1023 193 1111 nie,
219 1039 291 1114 quae
298 1014 453 1108 fecerum
469 1016 508 1082 im
518 1015 712 1084 Hieremiam
723 1016 919 1110 propheram,
944 1021 1021 1114 quia
1036 1020 1195 1103 miserunt

128 1142 192 1190 mm
210 1123 253 1187 im
269 1116 387 1202 inum,
411 1111 451 1189 U
464 1115 615 1183 morietur
629 1111 676 1182 ibi
690 1137 710 1182 u
719 1112 809 1205 facie
819 1113 934 1206 famis,
960 1113 1108 1213 quoniam
1126 1109 1196 1189 mon
1216 1115 1225 1152 i

125 1219 202 1310 [uni
210 1220 284 1314 jam
300 1236 402 1312 panes
421 1217 620 1287 incivitate.
675 1212 723 1283 Ei
740 1221 888 1309 precepit
907 1240 963 1288 rex
979 1217 1033 1312 ipfi
1047 1217 1195 1289 Arimi·

128 1319 191 1390 ieci
202 1318 387 1411 AEiieiopi,
417 1317 543 1384 dicens:
581 1309 665 1386 'sude
689 1313 769 1383 irinc
799 1317 939 1408 triginta
959 1316 1122 1405 mmmo,'
1152 1316 1195 1392 U

128 1419 194 1490 adm
217 1440 291 1488 eum
307 1416 345 1486 de
360 1414 456 1504 lacu,
482 1428 520 1483 ur
535 1436 601 1482 nom
617 1413 663 1482 ibi
680 1417 849 1487 moriatur.
899 1410 950 1486 Et
966 1415 1049 1507 quid
1061 1413 1194 1508 plura?

95 1543 100 1574 ¹
126 1514 365 1592 Abdimeiech
378 1511 551 1604 AEthiops
566 1511 657 1602 fuit,
693 1513 753 1604 qui
771 1513 988 1587 Hieremiam
1003 1515 1128 1588 eduxit
1147 1511 1201 1596 de·

127 1619 214 1692 hcu.
269 1613 322 1688 Et
338 1616 449 1708 paulo
462 1612 561 1705 post:
596 1608 713 1702 Faiius
729 1613 770 1711 efl
783 1615 884 1701 sermo
903 1616 1092 1684 Dominiud
1110 1618 1197 1686 Hie·
1285 1689 1290 1696 ,

129 1724 275 1808 mium,
305 1717 428 1786 dicens:
470 1715 577 1800 ldie,
611 1711 651 1790 U
667 1714 715 1783 iic
731 1713 928 1785 Abdime'iecb
942 1715 1119 1809 AEmiopi,
1146 1716 1197 1785 di·
1274 1701 1280 1716 ⁴

127 1844 209 1890 uiri:
236 1819 268 1888 S
269 1821 299 1885 ic
313 1816 393 1885 dicii
410 1816 569 1885 Dominus
589 1815 680 1884 Deus
696 1813 810 1903 Israel:
837 1815 915 1885 Ecce
930 1837 980 1908 ego
996 1817 1108 1885 adduco
1119 1838 1196 1886 ver·

129 1919 162 1990 ie
173 1943 245 1992 m
255 1917 353 2007 [uper
370 1917 539 1986 civitatem
557 1911 647 2009 iflom
665 1917 703 1983 in
717 1917 818 2001 mala,
843 1919 882 1996 U
896 1937 962 1986 mon
981 1919 1020 1985 in
1035 1916 1126 2005 bona,
1142 1917 1195 1993 'U

125 2019 249 2113 salvabo
269 2034 303 2090 te
322 2019 362 2086 im
374 2016 424 2087 die
440 2015 515 2102 illa,
547 2012 587 2089 U
601 2036 669 2084 nun
687 2014 764 2084 dabo
780 2029 812 2084 ie
828 2018 866 2084 in
881 2038 995 2084 manus
1010 2017 1195 2109 bominum,

94 2119 98 2214 i
130 2147 196 2218 quoi
222 2134 266 2190 ru
288 2119 396 2187 times.
457 2117 491 2186 A
501 2113 585 2205 facie
603 2136 707 2185 eurum
721 2114 857 2203 [aivam
870 2115 1000 2203 sdvebo
1013 2131 1064 2196 te,
1101 2114 1141 2193 U
1157 2105 1197 2188 iit

93 2283 96 2324 Ι
128 2221 223 2317 guia
240 2240 313 2292 mom
330 2215 437 2293 cado,
456 2213 515 2302 sad
527 2218 590 2287 erit
605 2216 715 2286 mrim
734 2230 792 2285 tua
811 2218 848 2284 im
865 2215 1018 2302 salutem,
1043 2221 1196 2314 quoniam

132 2317 262 2412 emfisies
279 2319 362 2387 esim
381 2337 439 2400 me,
463 2315 541 2385 dicit
557 2316 732 2390 Dominus.
784 2313 872 2388 Haec
891 2316 1034 2388 interim
1051 2316 1095 2388 ad
1108 2336 1197 2408 prae·

132 2419 202 2494 sens
216 2417 267 2491 de
281 2413 465 2508 scripturis
480 2411 600 2486 sandiis
616 2433 811 2485 occurrere
823 2426 1037 2507 potuerunt,
1064 2417 1194 2507 quibua

132 2522 212 2594 mihi
235 2517 386 2588 videtur
403 2513 580 2606 propositi
593 2512 637 2586 de
657 2511 813 2586 Canticis
838 2512 1070 2588 Canticorum
1089 2514 1198 2588 versi·

134 2621 196 2692 cuii
218 2613 430 2709 mysterium
447 2612 698 2706 comprobari,
725 2615 761 2686 in
779 2634 852 2704 quo
869 2614 973 2685 dicit:
1004 2614 1101 2701 Fusco
1111 2615 1196 2705 sum,

127 2721 186 2817 give
199 2723 314 2812 nigro,
339 2713 379 2790 U
388 2710 614 2807 formosafiiiae
634 2714 843 2803 Hierusalem,
867 2713 946 2807 ficui
959 2713 1198 2784 tabernaculum

138 2822 252 2904 cedar,
279 2816 320 2892 U
334 2814 412 2904 ficut
431 2816 520 2908 peiei
537 2814 724 2886 Salomonis.
778 2812 966 2885 Invenitur
981 2834 1069 2909 ergo
1086 2815 1128 2887 M
1131 2835 1200 2904 oy·

94 2935 97 2942 '
136 2917 205 3009 ses,
241 2919 279 2990 in
295 2913 467 3007 Numeris
494 2914 656 3006 accipere
670 2910 921 3005 AEtbiopiiiam
947 2933 1101 2985 uxorem
1125 2911 1196 2986 fus-

138 3039 230 3109 cam,
254 3014 319 3088 vei
332 3014 487 3109 nigram,
512 3032 580 3106 pro
605 3032 673 3103 qua
689 3012 804 3084 Maria
824 3010 1000 3086 &Aaron
1020 3013 1198 3108 derogant

138 3119 191 3212 ei,
222 3113 506 3210 &indignantes
529 3112 671 3184 dicunt:
711 3113 876 3208 Numquid
893 3114 997 3209 Moyfi
1010 3114 1068 3200 soii
1088 3116 1199 3183 Domi-

139 3243 191 3289 nus
211 3219 336 3288 iuterim
356 3206 421 3308 esi?
459 3215 579 3284 Nonne
597 3209 636 3287 U
650 3209 737 3308 nobis
754 3207 950 3307 locutusefl?
980 3211 1019 3284 In
1042 3234 1138 3303 quo,
1171 3211 1200 3285 si

141 3319 325 3414 diligenter
344 3310 568 3403 consideres,
607 3331 676 3385 nec
700 3310 991 3402 consequentiam
1009 3310 1124 3383 sermo
1146 3313 1200 3383 in·

143 3421 279 3492 venitur
294 3415 428 3487 habere
450 3409 650 3487 historicus.
703 3410 800 3509 Quid
819 3413 911 3482 enim
931 3413 1130 3482 convenire
1153 3410 1199 3482 ad

141 3537 207 3592 rem
219 3515 428 3602 videbitur,
450 3524 492 3583 ut
505 3511 728 3608 indignantes
743 3499 810 3603 pio
826 3508 1041 3602 AEthiopiiia
1060 3511 1197 3584 dicant:

144 3617 295 3715 Numquid
312 3613 373 3702 soli
386 3611 488 3709 Moufi
506 3612 628 3683 locutus
647 3612 689 3707 esi
710 3614 887 3696 Dominus,
922 3635 1029 3679 monne
1052 3610 1090 3683 U
1110 3609 1200 3678 neiis

143 3717 254 3788 iunrm
268 3714 331 3813 esi?
356 3710 565 3805 Oportebat
580 3710 690 3799 enim,
714 3709 828 3783 srhoc
842 3725 919 3782 erat
933 3712 968 3781 in
985 3710 1099 3798 causa,
1127 3708 1199 3779 dici

144 3817 264 3904 abeis,
289 3833 369 3888 non
383 3811 549 3907 oportuit
567 3823 619 3902 te,
645 3808 846 3902 oMoyses,
871 3830 1024 3883 uxorem
1035 3809 1199 3899 accipere

148 3911 403 4009 Ethiopiiiam
429 3910 525 3984 &de
540 3907 809 4005 seminecum,
835 3908 896 3986 sed
914 3910 959 3984 de
972 3929 1103 4010 genere
1117 3923 1205 4008 tuo,

192 4019 340 4114 omme
369 4009 456 4086 rim,
479 4013 548 4085 ix
764 4007 786 4088 i
