2734 4859
190 573 1024 694 rnrnovunnrnsauouours.
1111 641 1159 722 φ

143 787 244 867 rtur,
281 771 469 862 vitamque
486 767 686 842 ordinatam
708 769 891 848 incedunt.
954 774 1027 850 Vei
1046 778 1156 860 etium

143 875 228 949 ustae
245 870 354 965 sunt,
379 870 459 963 qui,
492 889 573 942 cum
590 869 705 941 velint
724 874 887 967 cogitatu
906 877 1036 950 ruentia
1051 884 1156 956 volt·

163 994 237 1050 nec
248 993 319 1068 por
337 971 435 1042 vires
453 969 504 1042 eis
515 969 642 1061 liceat,
667 969 849 1062 paululum
869 983 997 1048 eterra
1013 977 1154 1074 erigun-

143 1133 149 1152 .
196 1073 272 1162 Hi,
300 1069 526 1145 dationem
546 1068 745 1163 coluerint,
769 1071 933 1147 inunum
951 1075 1154 1158 colentium

143 1195 254 1248 ouem
274 1192 404 1265 agmen
426 1169 711 1262 cooptrbuntur.
1038 1251 1045 1266 Ι,

146 1280 188 1348 H
192 1277 284 1344 udus
309 1279 387 1340 irem
406 1276 506 1363 gregis
530 1289 696 1362 caprarum
722 1269 798 1345 dux.
847 1269 995 1350 Tertiua
1025 1275 1153 1356 hoedut

142 1391 176 1449 ta
190 1372 296 1447 solos
315 1367 538 1465 septuaginta
551 1369 765 1463 interpretes
780 1378 880 1466 gregis
892 1394 1055 1470 caprarum
1073 1382 1153 1466 dux,

142 1497 185 1550 rar
205 1491 379 1566 augens,
406 1489 447 1541 ac
467 1469 579 1544 muita
597 1470 703 1561 prole
728 1469 946 1567 secundans,
973 1491 1081 1566 utque
1106 1477 1153 1553 ad

142 1597 197 1648 ua
225 1575 267 1645 in
283 1569 468 1643 sublimius
487 1568 633 1644 ducens.
685 1567 818 1642 Nullus
836 1573 929 1646 enirn
950 1574 1153 1655 animalium

142 1675 219 1748 rfic
234 1674 312 1744 alta
322 1666 542 1743 conscendit.
561 1666 661 1741 Talis
673 1667 738 1758 est,
749 1671 808 1761 qui
820 1669 947 1746 Christi
957 1676 1053 1771 gregi
1064 1696 1153 1770 prae·

142 1770 298 1860 itusest3
327 1790 395 1842 eos
411 1769 526 1858 eninr,
552 1770 612 1860 qui
624 1770 661 1840 in
672 1786 781 1864 grege
794 1768 896 1863 sunt,
919 1772 965 1862 pd
983 1775 1153 1871 altapro-

142 1875 187 1950 it„
215 1871 343 1943 Aliter
360 1867 484 1943 hoedus
499 1865 613 1964 figura
631 1865 684 1940 est
701 1864 853 1964 christi,
881 1871 964 1944 dum
980 1891 1048 1966 pro
1067 1895 1152 1968 pec·

141 1996 158 2048 a
178 1970 357 2047 offertur.
424 1967 531 2040 Hunc
553 1969 590 2042 in
609 1964 747 2041 sublimi
770 1970 982 2046 existentem
1003 1991 1151 2058 umnec,

153 2076 335 2168 pietatem
355 2068 507 2161 colunt,
531 2064 738 2160 sequuntur.

141 2221 1145 2288 ,,..,-.“.----““-“»“

141 2343 324 2457 Epuruo
348 2359 450 2425 tomo
473 2340 517 2425 in
545 2333 770 2444 Canticum,
802 2368 917 2455 quem
934 2341 1094 2458 juvenis

395 2445 599 2570 scripserat
623 2450 827 2564 Origenes.

163 2616 202 2688 ui
218 2633 301 2688 non
313 2609 519 2705 perceperit
535 2609 796 2703 proprietatem
809 2605 1040 2703 personarum
1059 2612 1151 2688 divi·

140 2635 164 2788 ι
191 2711 468 2805 naescripturae,
484 2730 565 2781 cunr
582 2729 724 2801 earum,
743 2727 819 2799 quae
829 2711 1050 2806 loquuntur,
1071 2729 1150 2789 turn

140 2837 221 2908 urn,
243 2813 290 2886 ad
304 2832 391 2903 quas
407 2805 644 2902 verbafiunt,
665 2809 813 2882 multam
825 2809 875 2881 illi
887 2811 1007 2884 oratio
1022 2813 1150 2885 consu·

140 2913 383 3006 improbet,
408 2909 601 3001 querenti,
617 2927 776 3001 quaenanr
787 2904 940 3000 persona
953 2912 1148 3005 loquatur,

140 3034 238 3088 rnarn
252 3012 394 3101 audiat,
409 3009 613 3100 &quaenam
631 3005 772 3080 dicendi
785 3003 896 3082 finenr
911 3008 1054 3103 fecerit,
1066 3031 1150 3087 curu

140 3137 165 3187 c
176 3116 318 3203 altera,
336 3110 492 3201 adquam
505 3104 548 3179 tit
560 3105 697 3196 sermo,
712 3103 876 3179 servetur
889 3105 923 3181 dc
935 3110 1148 3206 retineatur,

140 3213 240 3286 iiaad
250 3209 613 3299 eumdemioquatur:
629 3218 691 3278 aut
706 3220 836 3279 contra
848 3225 989 3281 maneat
997 3208 1151 3301 persona

140 3333 246 3404 uerus,
266 3330 413 3399 cumea,
430 3309 586 3398 adquam
599 3319 676 3379 erat
691 3302 822 3399 sermo,
837 3326 915 3379 non
927 3311 1075 3401 amplius
1087 3327 1151 3382 au·

139 3413 232 3506 gsed
244 3407 378 3482 dicium
387 3411 493 3479 tertia
511 3405 668 3498 quaedam
685 3406 852 3497 excipiat.
879 3405 1061 3481 interdurn
1078 3430 1150 3482 aru·
1263 3403 1266 3410 “

141 3525 347 3599 mutantur,
366 3521 439 3581 tarn
449 3507 615 3598 loquens,
630 3525 734 3595 quarn
744 3504 910 3599 audiens,
924 3507 1019 3579 autsr
1032 3509 1150 3581 adhuc

139 3619 459 3701 numanent‚non
474 3621 598 3697 aperte
610 3603 848 3677 ostenduntur
860 3625 1013 3680 manere.
1049 3605 1149 3704 Quid

139 3735 196 3786 eru
206 3711 361 3789 attinet,
378 3708 541 3798 exempla
552 3724 710 3797 quaerere
723 3703 955 3799 frugulorum,
966 3725 1047 3780 curn
1064 3727 1149 3799 pro·

139 3829 193 3884 etae
215 3810 373 3883 omnino
401 3804 549 3878 istorum
574 3802 778 3876 differentia
798 3802 866 3874 srnt
885 3806 992 3896 pleni.
1054 3809 1147 3898 Quae

139 3935 183 3986 un
196 3906 365 3983 causaest
379 3925 455 3977 non
472 3907 649 4000 vulgaris,
673 3921 738 3975 cur
757 3899 955 3977 obscuritas
971 3899 1147 3979 dierorum

139 4013 232 4084 rsrnt
249 4005 423 4080 distintia.
473 4002 536 4076 Est
547 4016 665 4076 autern
680 4004 709 4074 is
724 3999 904 4093 scripturae
918 4025 1020 4098 mos,
1046 4019 1088 4076 ut
1101 4006 1145 4077 ab

138 4108 337 4184 >sermone
355 4104 401 4177 ad
413 4103 517 4177 aliurn
533 4104 633 4175 illico
655 4100 846 4194 transiiat,
867 4103 975 4196 idque
994 4102 1148 4177 obscure

138 4206 283 4286 :onsuse
296 4204 491 4284 admodum
500 4202 688 4299 prophetae
701 4200 848 4277 iaciunt.

980 4367 1105 4454 PRO·
