2734 4859
400 477 409 486 .
1174 473 1197 498 ¹»
1243 483 1247 494 Ι

119 511 125 534 Ι
1232 521 1239 534 Ιι

172 646 221 722 ςι
285 621 526 704 omoann
549 623 610 704 uu
634 621 920 704 canmcun·
935 597 1145 710 cunata
1238 681 1241 694 ,

250 793 286 867 6.
313 788 398 866 Post
422 790 500 864 haec
526 785 673 882 sponsus
693 789 875 883 loquitur:
903 791 968 886 Ego
977 789 1042 890 flos
1062 773 1248 892 eamq

111 937 118 960 t
175 892 285 966 lilium
309 893 510 964 convalium.
568 889 723 984 Propter
746 911 835 985 me,
861 891 981 983 quiin
1002 893 1145 966 valler
1220 905 1227 928 ’-

176 990 360 1066 descendit
381 991 587 1081 invallem,
615 989 846 1068 &invallem
859 991 1033 1084 venient,
1054 991 1098 1066 fit
1113 993 1164 1068 lili
1189 1081 1191 1086 ¹
1216 1003 1218 1008 '

175 1111 246 1188 pro
261 1092 361 1188 ligno
380 1092 486 1183 vita,
513 1089 612 1182 quod
631 1091 830 1182 plantatum
847 1088 899 1164 est
916 1094 953 1165 in
969 1091 1131 1184 paradiso
1150 1093 1188 1168 D
1229 1105 1233 1136 ³

177 1190 293 1264 totius
310 1193 446 1283 campi,
473 1187 603 1282 idest,
630 1192 744 1263 totius
771 1191 893 1264 mundi
920 1190 953 1264 dr
976 1191 1160 1266 universa.
1244 1285 1246 1290 Ι

175 1311 225 1364 ra
240 1289 310 1363 llos
326 1289 437 1364 sallus
450 1289 512 1364 est.
577 1289 638 1362 uid
655 1292 748 1364 enim
767 1290 814 1363 src
830 1287 951 1384 potest
970 1287 1039 1363 elle
1051 1289 1121 1364 flos
1142 1307 1248 1370 mirol

113 1391 118 1446 ἶ
176 1391 235 1483 di,
262 1405 304 1464 ut
322 1390 541 1463 vocabulum
593 1390 717 1463 luisti?
752 1389 990 1486 Unguentum
1009 1388 1161 1468 effusum
1179 1413 1248 1468 nor

176 1511 260 1566 men
280 1490 369 1584 ejus.
420 1491 540 1563 Aliter
560 1489 708 1582 idipsum
731 1489 879 1564 dicitur:
907 1492 973 1584 Ego
985 1490 1041 1586 flos
1057 1497 1176 1590 campi,
1206 1491 1248 1588 di

172 1592 281 1664 liliam
300 1592 509 1676 convallium,
536 1588 665 1664 &haec
681 1590 823 1683 quidem
848 1590 893 1664 de
918 1588 1118 1685 semetipso.
1169 1591 1248 1690 DQ

176 1690 262 1765 inde
274 1688 433 1785 sponsam
449 1689 611 1782 laudans,
625 1689 693 1764 ait:
728 1695 772 1761 Ur
789 1693 944 1762 liliumin
959 1693 1116 1790 medirlp'
1230 1689 1245 1708 ''

164 1793 211 1890 fic
217 1796 364 1887 proximo
379 1815 446 1861 meo
464 1796 500 1861 in
513 1791 775 1882 mediofiliarrrm.
800 1787 902 1863 Sicut
912 1791 1023 1864 lilium
1035 1810 1110 1864 non
1124 1809 1194 1886 pot

175 1890 283 1985 spinis
314 1891 541 1984 comparari,
574 1890 669 1968 inter
691 1911 777 1984 quas
800 1889 937 1988 semper
959 1892 1147 1988 exoritur,
1170 1887 1248 1986 9⁰!

176 1991 258 2066 dem
274 1992 388 2064 modo
406 1993 571 2085 proxima
590 2011 669 2064 mea
684 1990 788 2085 supet
807 2011 934 2065 omnes
957 1987 1044 2063 filias
1060 1992 1174 2068 lilium
1194 1985 1248 2070 a!

174 2092 213 2165 in
237 2092 358 2165 medio
382 2089 570 2184 spinarum.
621 2088 689 2163 Ista
712 2091 856 2164 audiens
878 2089 1003 2184 sponsa
1022 2092 1142 2165 vicem
1165 2091 1248 2178 ro&

176 2191 231 2264 dit
246 2188 401 2284 sponso,
429 2190 463 2263 dt
483 2188 635 2262 sentiens
653 2190 747 2264 illius
765 2191 870 2264 etiam
893 2188 1105 2266 suavitatem
1120 2192 1159 2265 in
1179 2205 1248 2288 tro-j

177 2311 256 2362 cern
280 2289 455 2361 laudantis
474 2289 639 2382 erumpit.
690 2289 972 2387 Unguentorum
993 2292 1126 2384 quippe
1148 2291 1248 2370 odor

174 2391 261 2463 licet
279 2387 436 2462 suaviter
449 2388 575 2482 spiret,
597 2388 631 2462 dt
647 2388 781 2464 sensum
799 2390 917 2464 odore
933 2389 1150 2486 demulceat,
1165 2411 1247 2468 non

174 2501 296 2562 tamen
314 2488 490 2579 ejusmodi
511 2487 585 2580 est,
614 2503 656 2561 ut
681 2489 790 2562 suave
806 2490 849 2562 fit
871 2489 914 2562 ad
939 2490 1129 2565 edendum.
1183 2489 1248 2566 En

175 2603 295 2662 autem
325 2588 447 2681 aliud,
481 2589 580 2680 quod
602 2591 730 2680 optimi
753 2588 887 2682 saporis
905 2590 947 2663 stt
975 2590 1008 2661 u
1035 2587 1184 2673 o'dotia,
1209 2590 1247 2666 id

87 2771 91 2782 Ι
177 2686 250 2780 est,
276 2689 319 2758 ut
344 2686 467 2761 fauces
488 2686 640 2760 dulcore
661 2687 835 2780 deleliet‚
864 2686 1071 2782 &spiritum
1090 2692 1248 2766 mulceat

177 2786 361 2861 odoratu:
396 2789 467 2859 tale
491 2786 541 2859 est
563 2789 714 2882 malum,
747 2791 781 2861 dt
803 2789 999 2861 istiusmodi
1018 2787 1068 2861 est
1086 2803 1246 2886 natura,

174 2901 218 2959 ut
234 2901 386 2978 utraque
400 2888 436 2960 in
452 2885 488 2959 se
502 2886 686 2978 poffideat.
735 2887 879 2960 Idcirco
898 2888 1027 2960 volens
1038 2909 1114 2960 non
1131 2886 1248 2966 solum

175 2988 470 3061 benevolentiam
486 2983 680 3081 sermonis,
706 2984 765 3059 sed
782 2986 815 3059 dt
831 2986 1016 3060 dulcorem
1031 2991 1106 3080 ejus
1120 2986 1248 3082 sponsa

176 3087 342 3175 laudare,
370 3087 445 3159 ait:
484 3091 529 3158 Ur
547 3087 662 3158 malum
683 3092 720 3157 in
739 3086 837 3180 lignis
855 3089 976 3182 sylvae,
1004 3095 1051 3157 iro
1067 3086 1248 3178 fratruelis

175 3211 260 3256 meus,
277 3192 314 3256 ln
336 3189 431 3257 medio
442 3188 601 3279 filiorum.
652 3185 786 3261 Omnia
805 3181 919 3283 ligna,
948 3207 1073 3259 omnes
1097 3191 1248 3263 arborea

176 3285 220 3358 ad
239 3288 546 3379 comparationem
566 3284 737 3359 sermonis
760 3286 829 3358 Dei
847 3284 956 3378 sylvae
972 3285 1148 3374 inferaces
1173 3291 1248 3362 exi·

175 3384 382 3475 stimantur,
410 3382 453 3457 a'd
475 3383 651 3458 Christum
667 3385 774 3457 saltus
795 3386 845 3458 est
868 3406 998 3478 omne,
1026 3387 1126 3476 quod
1147 3387 1248 3462 dixe*

175 3485 251 3575 ris,
285 3482 557 3556 &infruciuosa
582 3483 662 3558 sunt
684 3486 815 3559 omnia.
869 3487 960 3578 Quae
982 3487 1076 3559 enim
1099 3485 1248 3580 poliunt

177 3583 278 3675 dici,
306 3584 348 3655 ad
377 3605 457 3656 eum
479 3598 715 3676 comparata,
742 3582 956 3657 iruiliierai
983 3583 1102 3658 Etiam
1126 3587 1247 3682 ligna,

176 3703 256 3774 quaa
274 3684 492 3754 videbantur
514 3681 687 3756 frullibus
704 3685 908 3776 incurvari,
937 3682 980 3756 ad
1009 3685 1247 3762 collationem

179 3781 358 3855 adventus
374 3783 470 3873 ejus,
505 3781 722 3856 infruciuoso
742 3783 936 3884 monstrata
955 3783 1045 3858 sunt.
1096 3784 1189 3858 ldeo
1207 3801 1248 3872 us

174 3884 295 3956 molum
316 3887 354 3951 in
374 3883 470 3973 lignis
481 3881 603 3976 sylva,
631 3889 680 3954 ito
697 3882 875 3974 fratruelis
892 3907 978 3955 meus
994 3890 1031 3953 in
1047 3886 1147 3955 rnrdio
1157 3885 1248 3978 filio·

86 4041 91 4053 ,
174 3995 257 4059 r'um.
311 3983 352 4053 ln
365 3982 474 4051 umbro
487 3986 555 4078 ejm
568 3989 754 4079 concupivi,
780 3980 820 4060 U
829 3983 905 4069 sedi.
957 3985 1076 4156 ssuam
1090 3985 1247 4077 pulchre

174 4103 251 4155 non
268 4082 337 4174 ait,
364 4080 402 4152 in
422 4082 558 4154 umbra·
574 4084 667 4155 illius
693 4082 938 4176 concupisc0‚
979 4082 1047 4174 ed,
1075 4085 1245 4159 inumbra

172 4184 439 4277 ejuscrocupr'vir
465 4179 599 4254 &non
619 4182 745 4272 sedeo,
773 4180 853 4273 sed,
875 4185 952 4270 sedi.
1002 4182 1185 4273 Siquidem
1206 4187 1245 4260 in

170 4282 352 4377 principio
362 4300 441 4356 non
453 4278 635 4374 pollumue
651 4303 736 4358 cum
744 4302 790 4357 eo
798 4283 986 4380 proprium
996 4281 1166 4357 conferre
1177 4282 1246 4359 ser·

1021 4402 1193 4482 munem,
