2734 4859
423 576 811 666 moltura·
846 556 952 664 v11.
1039 555 1219 692 '2329

158 735 309 831 Parmrli
329 758 449 822 autem
468 765 594 822 omnes
610 747 774 822 homines
787 745 883 841 sunt,
907 745 1014 824 ileos
1033 741 1228 848 cbmptm
1286 777 1288 782 ·

162 852 211 929 ad
225 846 485 948 perfeblionem
497 848 632 921 Verbi:
658 851 744 920 licet
758 846 916 941 Moysen
928 849 1108 945 nomines,
1134 852 1224 928 lieet
1257 869 1260 876 ’

159 947 1220 1045 nonmdixeriscleprophetis,licetJoannem,quomajorin

160 1053 258 1128 natis
274 1050 460 1124 mulierum
480 1067 588 1122 nemo
603 1046 689 1121 fuit:
714 1049 801 1122 licet
820 1047 863 1122 ad
880 1047 1064 1141 apostolor
1082 1051 1225 1128 veniere

161 1151 334 1242 Petrum,
354 1150 417 1222 cui
435 1160 549 1242 porte
566 1148 669 1222 inferi
686 1167 761 1221 non
780 1145 1028 1243 invalescent,
1050 1151 1110 1226 vel
1132 1147 1223 1226 Pau·

163 1252 267 1343 lum,
290 1248 350 1342 qui
370 1262 492 1342 raptus
514 1247 564 1322 est
585 1246 756 1341 usquead
774 1248 920 1324 tertium
937 1251 1087 1345 celum,
1113 1250 1226 1328 &aua

164 1350 260 1426 divit
277 1349 473 1424 indicibilia
494 1349 631 1443 verba,
656 1369 734 1423 non
746 1346 899 1441 deponis
915 1368 1041 1425 eorum
1059 1341 1224 1447 gloriam,
1259 1353 1268 1390 ’·

163 1450 318 1545 dicent,
331 1450 414 1544 quia
429 1446 463 1522 br
477 1449 540 1544 iplr
559 1451 597 1522 in
613 1450 679 1541 eis,
706 1469 782 1543 que
792 1448 1061 1534 intellexerunt,
1077 1469 1225 1546 compa·

163 1551 311 1628 ratione
324 1569 472 1634 eorum,
499 1569 576 1641 quae
592 1569 670 1622 non
688 1548 968 1651 intellexerunt,
990 1550 1227 1643 parvulorum

166 1648 359 1744 disciplinis
385 1648 515 1723 eruditi
542 1646 644 1741 sunt,
685 1667 762 1740 quae
791 1647 995 1722 hominibus
1022 1648 1224 1729 traduntur.

166 1748 271 1824 Dicit
284 1743 372 1847 er'go
387 1747 557 1822 Salvator
575 1768 653 1823 non
666 1746 713 1823 de
726 1747 802 1839 his,
829 1765 920 1846 quoa
936 1745 1064 1823 ramus
1076 1750 1113 1824 in
1127 1748 1229 1832 Chri·

167 1850 225 1924 lio
246 1850 419 1946 parvulos
441 1858 644 1942 nuncupat,
675 1848 715 1920 ba.
728 1843 845 1920 asserit
860 1845 950 1921 labie
964 1848 1167 1941 potandos,
1191 1852 1232 1925 be

166 1969 247 2027 non
277 1948 367 2024 forti
390 1950 497 2044 cibo,
533 1948 592 2022 sed
617 1946 662 2021 de
689 1943 855 2022 omnibua
879 1945 979 2022 limul
999 1948 1228 2024 homnibus:

172 2052 251 2126 Face
267 2073 319 2146 rgo
333 2049 376 2128 U
387 2050 521 2144 parvuli
534 2051 615 2136 mei,
641 2069 717 2145 qrtts
734 2045 816 2120 milti
829 2047 1035 2138 deditlflras.
1077 2049 1229 2126 Verum

170 2149 361 2246 quomodo
387 2149 424 2221 in
444 2148 564 2244 pueris
589 2149 646 2222 alii
668 2145 837 2221 suntaliis
852 2145 1066 2242 alacriores,
1089 2145 1236 2243 bea,-

173 2248 320 2343 quaeis
336 2247 415 2326 lunt
430 2249 573 2344 tradita,
601 2248 765 2322 velocius
778 2242 1061 2340 consequuntur:
1089 2248 1151 2342 be,
1176 2249 1229 2323 in·

146 2369 300 2444 ouem,
326 2349 470 2425 similem
491 2347 680 2447 ingeniolis
703 2347 823 2443 pueris
843 2344 972 2432 fabium
990 2347 1169 2445 Moysen,
1195 2349 1234 2423 &-

174 2451 392 2545 prophetae,
416 2448 476 2524 sed
502 2448 536 2534 δι
555 2447 704 2523 Domini
718 2445 829 2536 nostri
847 2443 930 2542 Jesu
945 2445 1073 2524 Christi
1088 2447 1234 2542 aposto·¹

174 2552 245 2626 lo'a.
296 2548 493 2642 Propterea
517 2547 708 2622 sentientes
731 2544 960 2642 semetipsos,
993 2548 1075 2642 qni,
1099 2547 1234 2623 etiamsi

174 2649 421 2745 profecerint,
452 2669 646 2743 puerorum
670 2646 895 2741 profecerint
913 2646 1103 2741 profeitu,
1136 2647 1240 2722 dixe·

175 2763 280 2823 runt:
314 2750 370 2821 Ex
388 2768 482 2847 porte
505 2749 724 2841 cognobimus,
760 2746 801 2826 (θ’
823 2772 862 2819 ex
879 2762 975 2846 parte
999 2749 1234 2845 prophetamus.

176 2848 262 2926 Nec
290 2850 383 2923 enim
403 2850 520 2923 adbuc
542 2850 706 2924 veritatis
725 2848 893 2945 negotia,-
926 2844 985 2922 fed
1008 2849 1149 2923 umbras
1169 2870 1237 2932 ¹ne·

179 2949 365 3048 gotiorum
388 2950 670 3044 conspiciebant,
695 2970 765 3023 nec
784 2949 923 3041 plenam
942 2946 1075 3042 lucem,
1100 2945 1159 3021 std
1173 2953 1239 3022 oba
1290 3037 1295 3048 ι

178 3048 316 3123 scuram
338 3050 537 3146 imaginem.¹
592 3049 756 3142 Ideoque
780 3047 1018 3143 repetebant,
1056 3046 1239 3122 dicentes:

185 3151 335 3224 liniemus
351 3174 437 3220 nunc
452 3172 507 3245 per
518 3151 690 3243 speculum,
716 3147 756 3226 b
773 3152 811 3219 in
830 3150 1014 3241 enigmate,
1040 3163 1240 3221 tune-eamn

174 3250 265 3344 facie
283 3250 324 3319 ad
341 3250 480 3345 faciem.¹
522 3251 613 3349 Quis
639 3269 728 3344 ergo
755 3249 833 3321 hec
850 3246 1239 3344 legensbrintelligena

179 3349 409 3424 inflabitur&
427 3352 582 3448 erigetur
598 3348 908 3442 superforaneam,
933 3345 993 3422 seu
1011 3345 1115 3441 super
1127 3346 1242 3441 quod·

181 3469 336 3540 cumque
359 3448 567 3523 donorum?
604 3448 752 3523 'Etenim
774 3444 922 3538 euntia,
958 3445 1241 3542 quaadpueror

183 3549 434 3643 devenerunt,
466 3551 583 3623 multo
598 3545 773 3622 inferiora
792 3544 961 3643 sunthir,
993 3567 1073 3641 quae
1088 3547 1244 3643 reposita

183 3646 377 3724 sontvirie.
430 3649 577 3722 Debent
589 3669 678 3745 ergo
695 3667 772 3723 non
787 3646 938 3741 elevari,
964 3646 1193 3743 &superbire
1204 3647 1245 3738 ii,

184 3750 246 3840 qni
261 3747 432 3821 videntur
447 3751 543 3822 inter
561 3768 696 3843 pueros
712 3746 860 3828 acrioris
880 3747 1012 3842 ingenii
1029 3746 1246 3824 &velocio-

182 3849 244 3919 ris.
297 3846 385 3921 lstos
406 3864 524 3923 autem
547 3867 681 3942 pueros
698 3848 862 3922 homines
876 3846 963 3921 dicit
979 3867 1126 3942 omnes,
1153 3849 1248 3941 quoa

174 3948 224 4019 .&
244 3946 413 4020 Salvator
442 3947 727 4022 demonstrabatr
762 3946 859 4031 Eece,
892 3946 1079 4042 inquiens,
1112 3971 1180 4043 ega,
1205 3942 1248 4022 b

183 4051 277 4144 pueri
296 4053 375 4134 mei,
455 4072 488 4119 os
511 4050 595 4118 mihi
619 4050 706 4119 dedit
731 4050 830 4126 Dans.
879 4041 1029 4121 Donum
1049 4046 1191 4140 accepit
1212 4043 1249 4117 ὰ

185 4145 394 4218 Salvatora
446 4169 503 4222 eo.
554 4147 677 4222 Nemo
697 4149 792 4221 enim
812 4147 916 4219 venit
929 4146 973 4221 ad
988 4167 1091 4229 eum,
1115 4147 1251 4238 sinon,

186 4245 250 4344 qui
271 4243 362 4321 misit
376 4268 479 4345 eum,
515 4250 703 4423 attraxer}
715 4246 924 4322 venientem
940 4244 986 4321 ad
997 4244 1274 4423 Salvatpgem'„

622 4381 626 4396 ·
728 4369 751 4444 ς
1095 4413 1098 4419 .
1152 4357 1234 4423 cm·
