2734 4859
198 585 268 666 nx
292 579 520 662 ornetur
542 581 599 660 ru
626 579 828 660 cnunc.
858 577 1059 664 cnunc.
1110 590 1182 688 269

137 751 238 828 ultam
256 769 350 822 vero
364 747 562 831 rationum,
588 743 631 816 ad
645 743 750 818 insint
768 743 915 822 crinium
929 744 1183 840 enascentium,

134 849 428 948 profunditatem,
452 845 562 916 laudis
578 841 1041 942 specienigrioppellantur,
1066 847 1183 922 sicurn

134 949 248 1046 sponsi
271 945 535 1042 pulchritudine
557 942 800 1020 conserantur.
853 946 965 1044 Quod
991 965 1081 1022 vero
1098 946 1183 1020 dici·

134 1069 191 1123 tur
211 1066 364 1144 tanquam
384 1069 514 1130 corvus,
545 1062 623 1114 non
641 1040 691 1113 ob
711 1045 872 1117 colorem
889 1042 1113 1120 solummodo
1132 1045 1183 1119 di·

135 1149 223 1224 cum
233 1147 411 1236 existimo,
440 1163 564 1215 verum
575 1139 773 1233 symbolum
787 1141 1099 1222 eslealtillimorum
1109 1135 1201 1240 ple·'

134 1267 332 1338 notumque
350 1244 506 1332 tenebrosa
519 1266 600 1340 apua
611 1247 650 1310 in
662 1242 795 1324 nubibus
809 1246 915 1338 aer2'13
939 1245 982 1319 de
994 1246 1122 1336 quibus
1133 1247 1185 1321 di·

86 1397 91 1408 .
134 1352 187 1424 xit
201 1349 294 1443 Job:
319 1348 404 1437 Quis
423 1365 497 1413 vcro
508 1346 706 1438 prapcravr'r
721 1365 811 1414 torve
828 1338 946 1427 escam?
981 1348 1062 1418 ruli
1078 1364 1185 1422 auten

135 1457 198 1546 ejus
213 1450 256 1518 ad
278 1450 446 1516 mininam
461 1441 647 1516 clamabunt.
695 1439 909 1534 Praeparavit
924 1445 1017 1518 enim
1034 1443 1185 1520 Detuil-

132 1551 195 1638 lis,
221 1545 283 1638 qui
303 1544 421 1616 altiori
438 1556 559 1616 mente
573 1537 653 1614 sunt
674 1542 832 1632 prediti,
858 1542 1038 1635 copiosam
1052 1541 1184 1621 escum:

133 1667 288 1740 quorum
304 1644 411 1736 pulli,
449 1661 576 1731 nempe
594 1637 773 1732 discipuli,
812 1642 976 1733 precibus
992 1657 1182 1740 vocantes,

133 1749 177 1820 ed
200 1745 398 1817 Dominum
423 1742 688 1828 clamaverunt,
723 1754 881 1812 errantes
905 1760 947 1814 nc
970 1757 1186 1840 querentes,

136 1867 211 1939 quae
235 1846 271 1916 in
289 1842 402 1914 dubiis
417 1839 484 1911 illis
504 1838 593 1911 locis
612 1836 791 1911 frumenta
809 1838 937 1915 insunt.

212 1945 362 2015 Maxrsae
383 1939 450 2009 e'us
477 1955 515 2008 ut
532 1939 648 2033 phiala
670 1941 832 2011 oromatis.
884 1937 1011 2012 christi
1037 1943 1188 2016 maxilla

135 2041 356 2138 intelligendi
381 1965 480 2118 drot,
506 2038 565 2128 qui
586 2035 655 2108 Dei
673 2039 791 2110 verbo
812 2036 948 2111 &cibo
969 2036 1110 2132 spirituli
1124 2043 1189 2116 mi·

135 2142 301 2218 nistrunt:
328 2135 544 2230 quiquidem
562 2136 612 2208 ob
633 2135 831 2232 fragrantiae
850 2138 1105 2230 plenitudinem
1122 2142 1189 2214 bo·

135 2262 265 2317 norum
289 2257 441 2332 operum
460 2249 565 2326 atque
585 2232 807 2327 sermonum,
832 2235 957 2310 ssmiles
977 2235 1043 2310 fint
1062 2239 1189 2332 phialis

137 2339 328 2425 oromatis3
355 2337 404 2410 ob
428 2335 621 2408 radicatum
643 2355 734 2406 vero
755 2337 792 2407 in
809 2333 888 2428 ipsis
905 2337 1043 2411 varium
1060 2339 1096 2413 in
1113 2360 1190 2414 om·

137 2443 171 2514 ni
192 2438 374 2529 scripture
390 2433 652 2527 compositione
676 2431 891 2517 sermonem,
916 2442 1189 2533 unguentarium

139 2541 275 2633 semper
295 2528 500 2630 producunt
523 2529 684 2608 fructum.

218 2642 342 2711 Venter
358 2641 422 2730 ejus
437 2637 521 2727 pixis
537 2630 678 2704 eburneo.
729 2633 842 2707 Verbi
857 2649 986 2711 venter
1003 2637 1103 2732 sunt,
1130 2640 1192 2732 qui

137 2738 387 2832 mysteriorum
412 2731 488 2805 sunt
513 2753 679 2825 capaces,
715 2735 775 2824 qui
792 2732 926 2809 scilicet
943 2757 1014 2828 prae
1033 2741 1192 2814 cavitate

139 2834 360 2931 suscipiendo
384 2833 483 2919 sunt;
509 2832 598 2924 pixis
619 2851 733 2925 vero,
769 2835 829 2924 qui
850 2835 893 2907 ad
908 2834 1194 2912 conservandum

138 2940 218 3012 sunt
239 2935 373 3010 idonei.
425 2931 485 3003 Ob
500 2931 722 3023 splendorem
741 2952 782 3005 ac
803 2934 1022 3027 claritatem,
1056 2938 1194 3009 eburnea

138 3057 274 3126 nomen
292 3029 487 3125 adjunctum
503 3030 563 3105 est.
614 3031 814 3104 Istiusmodi
833 3033 940 3128 igitur
956 3049 1085 3108 venter
1100 3038 1193 3128 pixis

138 3141 319 3223 eburnea,
346 3130 526 3223 impositus
546 3128 597 3201 est
614 3130 719 3222 lapidi
741 3130 926 3226 sapphiro,
951 3134 1009 3225 qui
1027 3134 1078 3207 est
1094 3134 1194 3210 Chri·

140 3236 221 3310 stus.
276 3237 472 3333 Quotquot
493 3230 598 3324 igitur
621 3230 723 3302 verbi
750 3246 879 3303 venter
901 3229 999 3325 sunt,
1026 3236 1195 3312 atimore

139 3333 291 3409 Domini
309 3335 343 3404 in
369 3347 474 3402 utero
493 3328 695 3419 accipiunt,
728 3328 760 3400 dr
779 3331 920 3420 pariunt
935 3329 1091 3423 spiritum
1109 3332 1194 3408 solu·

139 3438 196 3508 tis.
249 3431 389 3505 Idcirco
405 3431 507 3499 etiam
521 3441 648 3498 venter
663 3426 785 3500 hostiae
797 3428 834 3501 in
845 3429 1014 3504 Levitico
1026 3433 1195 3532 abluitur,

140 3549 180 3607 ut
199 3531 288 3606 nihil
308 3531 435 3602 habeat
454 3526 630 3599 stercoris.
1017 3561 1021 3574 ·

222 3631 357 3701 Pulchra
381 3653 407 3696 tr
430 3630 676 3719 proximamur,
702 3640 741 3695 ut
753 3624 990 3722 beneplacentia.
1042 3633 1194 3727 Quanto

141 3730 185 3803 ad
201 3727 366 3822 sponsum
389 3725 535 3817 propius
557 3723 715 3813 accedit,
742 3739 845 3797 tanto
861 3729 1067 3804 melioribus
1078 3731 1196 3808 similis

141 3830 363 3923 perhibetur.
416 3825 487 3896 lllis
505 3825 598 3894 enim
615 3823 768 3895 vocibus
779 3824 911 3918 pultium
923 3826 1194 3929 &decoraespro-

141 3935 248 4014 uma,
279 3926 425 4017 adjecit:
449 3924 526 4014 ficut
546 3923 735 4017 Jerusalem.
785 3923 904 3998 Sed&
924 3927 1116 4019 persetlnm
1137 3954 1196 4005 ec·

142 4028 305 4112 clessam,
338 4025 528 4096 terribilem
557 4021 661 4110 dicit,
695 4021 805 4094 modo
831 4025 969 4115 quidem
990 4027 1195 4103 adversariis

143 4126 401 4218 potestatibus,
435 4142 510 4213 quae
527 4120 563 4193 in
580 4120 877 4213 pulchritudinem
895 4127 1017 4198 vultus
1039 4128 1113 4217 ejus
1132 4149 1196 4200 oc-

141 4228 295 4324 ulorum,
311 4225 421 4301 aciem
445 4220 633 4299 intendere
652 4236 855 4316 nequeunt3
881 4223 994 4302 modo
1013 4246 1104 4301 vero
1128 4227 1194 4303 eti·

1089 4346 1154 4410 dm
