2734 4859
542 747 597 784 ·-
738 737 817 839 n·
868 747 1486 860 oM-rtla
1581 725 1906 836 xvm.
2077 735 2088 750 ·
2227 737 2384 851 σῃ
2539 699 2562 734 ’

250 909 467 1004 ἱεῐὶεε
494 913 842 990 ordinatae
866 915 1037 990 sint:
1088 914 1431 1009 sapientia
1462 914 1551 989 de
1571 912 1930 1012 infernis,
1985 933 2145 988 cum
2169 914 2384 993 etiam

257 1017 407 1097 Dei
455 1015 796 1110 sapientia
844 1017 1033 1094 circa
1068 1014 1616 1111 dispositionem
1673 1033 1964 1107 rerum,
2040 1029 2198 1108 quae
2259 1014 2387 1094 sub

256 1133 455 1198 terra
521 1116 721 1210 sunt,
782 1118 1092 1195 similiter
1142 1116 1210 1190 δι
1263 1117 1452 1191 circa
1498 1135 1613 1188 res
1664 1127 1996 1192 terrenas·
2035 1112 2384 1193 versetur.

262 1220 336 1296 Si
383 1217 789 1315 sapientiam
825 1218 913 1295 de
946 1216 1342 1298 coelestibus
1378 1214 1894 1292 consecuturus
1930 1213 2117 1308 sum,
2152 1212 2390 1292 ascen·-

266 1319 365 1398 do
404 1317 838 1394 aci-coelestia
865 1371 888 1411 ,
944 1317 1541 1418 quemadmodum
1573 1313 1872 1411 Moyses
1912 1315 1986 1389 in
2025 1315 2387 1392 'verticem

263 1419 537 1513 montis
587 1415 953 1511 ascendit,
1028 1433 1416 1498 utvocem
1462 1388 1740 1495 audinet
1785 1437 1831 1489 e
1873 1416 2059 1488 coelo
2093 1467 2120 1507 ,
2180 1415 2386 1496 ficuti

263 1517 607 1614 scriptum
652 1516 777 1602 est.
890 1515 1264 1599 Coelestem
1324 1520 1513 1596 enim
1563 1518 1833 1590 cultum
1879 1528 2036 1610 erat
2075 1513 2390 1589 edocen-

247 1612 447 1694 dust
498 1619 817 1694 umbram
859 1622 1045 1696 e'nim
1080 1619 1149 1694 δι
1184 1619 1548 1717 exemplar
1590 1613 1973 1704 coelestium
2016 1614 2388 1709 mysterio-

268 1738 434 1800 rum
469 1717 544 1798 in
590 1714 863 1820 legibus
913 1718 1187 1820 scriptis
1242 1718 1605 1798 contineri
1646 1716 1898 1804 docuit
1947 1712 2391 1810 Apostolus,

272 1817 519 1907 dicens
552 1838 581 1896 τ
646 1822 787 1911 Qui
834 1825 1176 1915 exemplari
1224 1818 1301 1900 Φ
1352 1820 1577 1894 umbra
1625 1819 1994 1908 dessrviunt
2041 1817 2389 1914 coelefli‘um.

270 1915 901 2013 Quemadmodum
942 1920 1156 2017 igitur
1212 1918 1519 1994 coelestia
1559 1916 1977 1996 edocendus
2034 1914 2392 1999 ascendo,

267 2017 374 2101 ita
403 2068 428 2110 ‚
480 2017 533 2100 fi
579 2039 764 2114 opus
793 2019 877 2097 fit
913 2018 1192 2096 inferna
1234 2043 1350 2100 me
1399 2017 1803 2110 addiscere,
1854 2017 1977 2097 suu
2012 2017 2188 2091 licet
2227 2036 2412 2111 pro-³

269 2118 533 2213 pheta,
588 2118 972 2199 descendo.
1073 2118 1172 2194 Et
1202 2119 1508 2198 fortassis
1541 2120 1709 2200 ideo
1736 2116 2016 2201 Samuel
2045 2137 2208 2191 cum
2244 2115 2400 2190 sub-

267 2234 610 2299 terranea
639 2213 937 2296 edomitus
963 2218 1148 2313 fuit,
1202 2217 1567 2299 descendit
1605 2216 1982 2311 deorsum,
2039 2214 2106 2290 ἀ
2151 2217 2293 2291 fuit
2321 2217 2409 2289 in'

265 2316 609 2411 inferno,
684 2339 841 2398 non
885 2318 957 2396 in
1001 2320 1344 2419 judicium
1399 2333 1712 2400 vocatus
1741 2372 1767 2413 ,
1835 2331 1920 2389 ut
1958 2332 2285 2398 maneret
2322 2316 2400 2390 in

269 2417 564 2495 inferno
591 2471 618 2511 ,
695 2417 813 2498 sed
868 2433 953 2500 ut
999 2419 1504 2516 mysteriorum
1545 2418 1756 2498 fieret
1808 2417 2256 2492 infernorum
2295 2416 2400 2489 in-

266 2516 556 2609 {pedor
600 2516 668 2591 ἐι
707 2521 1267 2616 contemplator.
1367 2519 1770 2596 Istiusmodi
1810 2519 2022 2594 etiam
2071 2514 2212 2590 esse
2247 2514 2402 2613 pos·

274 2616 487 2713 sunt,
558 2612 715 2714 quae‘
767 2619 1126 2717 sapientiae
1177 2622 1431 2695 tribuit
1483 2620 1884 2714 Apostolus
1920 2672 1946 2711 ,
2015 2632 2098 2689 ut
2141 2638 2404 2712 nempe

270 2719 432 2814 ejus
484 2738 630 2812 ope
667 2721 1186 2816 cognoscatur,
1237 2738 1374 2819 ‘quae
1407 2722 1495 2818 fit
1544 2723 1867 2808 latitudo,
1923 2717 2001 2794 (Ἰ
2037 2719 2405 2811 longitudo,

278 2820 361 2896 (Ἰ
385 2817 772 2916 profundum
802 2818 881 2897 ὅ
898 2821 1283 2909 sublimitas.
1334 2844 1339 2848 ·
1376 2820 1450 2896 Si
1494 2819 1696 2895 nosse
1735 2821 1845 2893 vis
1877 2818 2404 2910 sublimitatem,

282 2916 598 3000 ascendis
649 2921 932 2993 ratione
979 2920 1063 2992 ad
1120 2919 1640 3020 sublimitatem.
1745 2919 1816 2992 Si
1867 2916 2068 2992 noffe
2119 2918 2231 2990 vis
2281 2939 2406 3010 ea,

281 3039 441 3109 quae
490 3019 679 3100 inter
744 3021 1241 3096 sublimitatem
1294 3044 1378 3093 ac
1431 3021 1867 3115 profundum
1921 3018 2079 3090 sunt
2129 3017 2407 3111 media,

284 3117 666 3214 cognoscis
729 3121 1177 3195 latitudinem
1244 3127 1330 3194 ac
1395 3120 1941 3216 longitudinem.
2047 3116 2409 3215 Quolibet
2539 3187 2544 3194 .

283 3221 633 3319 pertingit
667 3241 706 3290 a
737 3220 1051 3293 docente
1094 3225 1336 3294 omnia
1380 3221 1618 3293 verbo
1661 3218 1924 3293 dii-esta
1972 3239 2173 3291 mens
2217 3216 2412 3308 ejus,

291 3319 413 3409 qui
446 3319 632 3410 sequi
666 3322 866 3394 valet
898 3313 1120 3395 filium
1158 3317 1324 3397 Dei.
1432 3319 1769 3412 Sequitur
1799 3331 2077 3408 autem,
2129 3315 2176 3391 fi
2216 3337 2420 3392 mun-

267 3419 389 3494 .do
422 3419 836 3493 renuntians
861 3422 1071 3493 tollat
1100 3441 1424 3495 crucem:
1477 3421 1569 3495 fic
1591 3422 1780 3494 enim
1802 3419 1995 3512 sequi
2022 3414 2258 3515 Jesum
2294 3437 2416 3489 va·
2544 3505 2555 3522 ι

290 3521 399 3594 let
427 3573 452 3613 ,
506 3521 625 3611 qui
664 3520 905 3592 dicere
943 3519 1194 3614 poffit:
1249 3521 1439 3594 Mihi
1476 3524 1749 3592 mundus
1790 3521 2131 3611 crucaefixus
2162 3517 2284 3614 est,
2332 3514 2416 3594 θ’
2523 3543 2532 3554 ’

292 3645 391 3712 ego
419 3621 665 3690 mundo.
690 3663 707 3670 --
752 3619 1332 3715 Temperandum
1363 3632 1520 3695 erat
1542 3622 1719 3694 illud
1755 3620 1941 3714 quali
1980 3616 2289 3714 asperius
2319 3617 2422 3691 di·

297 3719 524 3798 ctum:
581 3721 889 3808 Descende
924 3722 1267 3792 ivn-domum
1291 3723 1515 3818 figuli,
1566 3723 1644 3800 U
1667 3721 1760 3793 ibi
1780 3724 1996 3794 audies
2025 3718 2219 3792 verba
2244 3738 2422 3805 mag

296 3819 368 3894 δι
414 3819 934 3896 conferendum
980 3835 1136 3895 erat
1190 3842 1348 3897 cum
1400 3823 1510 3896 his
1552 3821 1834 3897 verbis:
1884 3822 2157 3913 Ascende
2201 3821 2280 3897 θ’
2313 3844 2428 3891 au-

300 3920 434 4001 dies
477 3920 681 3994 verba.
708 3948 863 3993 mea.
960 3919 1438 3998 Audientium
1479 3923 1669 3997 enim
1716 3923 1996 4015 quidam
2036 3920 2428 3995 ascendunt

296 4030 390 4089 ut
422 4017 860 4097 doceantur:
912 4020 1301 4097 ascendunt
1344 4043 1499 4098 non
1543 4024 1846 4100 omnino
1899 4042 2256 4116 corpore:
2311 4020 2436 4093 de«,

304 4117 654 4198 scendunt
680 4121 849 4195 item
871 4175 896 4216 ,
950 4123 1404 4215 animumque
1437 4122 1709 4197 habent
1726 4122 1984 4202 sursum
2002 4123 2044 4217 ,'
2080 4137 2165 4196 ut
2195 4119 2436 4216 super-

301 4239 464 4304 nam
503 4219 593 4291 de
624 4220 1083 4302 inferioribus
1116 4227 1475 4304 rationem
1514 4224 1830 4300 videant.
1933 4220 2245 4316 lpsemet
2277 4221 2438 4303 Do-

299 4322 532 4406 minus
567 4341 767 4394 meus
797 4322 992 4420 Jesus
1032 4319 1352 4398 Christus
1386 4319 1703 4405 ascendit
1739 4322 1812 4396 ’δι
1842 4320 2245 4397 descendit:
2294 4321 2441 4415 Qut·

303 4428 474 4510 mim
511 4423 790 4528 (ψςῃάὶτ
823 4475 846 4516 ,
914 4422 1039 4536 {pse
1076 4426 1209 4529 est,
1256 4428 1374 4618 ἷζε·
1406 4422 1486 4500 (7
1535 4424 1844 4517 destendit
1872 4449 1900 4505 ι,
1972 4424 2103 4531 ³25⁸
2145 4422 2233 4514 ᾧ
2280 4420 2474 4573 ἱνὲζτ

958 4544 966 4558 ’
1100 4533 1109 4540 “
1364 4545 1404 4601 t
1469 4547 1510 4620 s
1670 4599 1686 4608 .
2191 4535 2362 4594 &mn
