2734 4859
171 652 221 730 54
295 563 1153 710 omGele.1NcANTleUMCANTIC.
1209 679 1216 692 ,

170 795 295 872 Vobis
319 813 466 888 quoque
490 791 766 868 catechumenis
790 791 977 883 loquitur:
1012 789 1227 868 introducit

172 885 244 974 md.
296 894 554 986 Introducite‚
591 913 668 966 non
689 892 894 985 simpliciter
922 894 960 965 in
985 891 1157 984 domurn,
1185 889 1227 966 sa

173 999 214 1073 in
229 997 378 1071 domurn
399 995 505 1087 vini,
530 995 720 1086 impleatur
737 993 827 1065 vino
842 991 994 1085 letitie,
1021 989 1227 1088 vineSpirl

173 1111 235 1171 tus
257 1093 363 1168 sandi
383 1095 498 1168 anima
515 1092 651 1187 vestra,
678 1091 714 1165 ἃ
733 1091 781 1167 fic
803 1092 1027 1166 introducite
1041 1093 1078 1165 in
1094 1090 1227 1180 domata

173 1193 332 1270 vestram
352 1191 545 1288 sponsum,
572 1195 753 1286 verbum,
779 1190 1012 1287 sapientiam,
1037 1193 1227 1268 veritaten

172 1293 302 1370 -Potest
334 1309 453 1369 autem
479 1294 516 1368 ds
540 1295 585 1368 ad
608 1315 674 1368 eos
699 1294 794 1387 dici,
829 1293 888 1385 q'ui
910 1292 1074 1368 nondum
1093 1289 1227 1387 perfed

175 1395 280 1488 sunt,
309 1396 615 1468 Introducitemer'n
631 1396 752 1466 domum
767 1396 855 1469 vini.
1029 1467 1033 1474 ,

253 1503 287 1576 8.
318 1496 476 1567 Ordinate
494 1501 533 1566 in
556 1519 605 1566 me
624 1496 828 1566 claritatem.
881 1489 1076 1590 Eleganter
1095 1492 1227 1576 locutu

172 1593 250 1688 est,
277 1596 441 1683 ordinare,
468 1595 705 1690 plurimorum
721 1595 853 1689 quippe
872 1592 1077 1668 inordinata
1095 1591 1149 1666 est
1167 1579 1227 1672 cli

176 1699 282 1768 ritas:
309 1694 475 1787 quando,
502 1696 601 1787 quod
621 1697 658 1770 in
680 1697 798 1790 primo
813 1694 902 1768 loco
922 1693 1057 1768 debent
1076 1693 1227 1788 diligere

179 1794 334 1892 diligunt
352 1797 388 1868 in
409 1794 589 1869 secundo:
624 1794 723 1887 quod
748 1796 786 1869 in
812 1792 995 1887 secundo,
1031 1794 1186 1890 diligunt
1213 1792 1225 1866 i

178 1895 323 1990 primo:
351 1894 504 1987 &quod
525 1909 677 1988 oportet
697 1915 814 1970 amare
838 1896 876 1969 in
896 1907 1048 1988 quarto,
1077 1891 1227 1970 amanti

178 1995 311 2072 tertio:
333 1993 501 2069 &rursus
514 1998 661 2069 tertium
676 1997 714 2069 in
729 2007 877 2088 quarto,
906 1991 1052 2068 &estin
1064 1993 1227 2088 plerisqa

180 2095 364 2168 charitatis
382 2093 476 2168 ordo
497 2093 699 2188 perversus.
749 2091 958 2169 Sandorunr
978 2114 1073 2167 vero
1094 2094 1227 2168 charita

180 2194 350 2267 ordinata
367 2193 429 2270 est.
481 2195 587 2268 Volo
610 2195 654 2269 ad
667 2195 940 2292 intelligendum
955 2193 1057 2287 hoc,
1083 2193 1185 2286 quod
1204 2191 1227 2268 d

83 2371 95 2400 ι
181 2291 276 2367 &um
296 2293 365 2375 est,
396 2295 556 2366 Ordinete
577 2303 614 2367 in
637 2297 918 2382 mecharitatem,
953 2295 1071 2386 aliqua
1086 2293 1227 2390 exempl

180 2393 369 2486 replicare.
431 2393 490 2468 Te
511 2397 592 2469 vult
611 2395 755 2468 divinus
779 2394 897 2470 sermo
921 2395 1069 2492 diligere
1088 2409 1227 2486 patrem

182 2490 317 2586 filium,
350 2489 488 2586 filiam,
523 2497 605 2569 vult
620 2509 660 2570 te
683 2496 798 2569 sermo
823 2495 966 2569 divinus
986 2495 1132 2590 diligere
1150 2491 1226 2566 Chr

100 2659 104 2680 ,
183 2590 297 2685 stum,
323 2611 393 2665 nec
418 2594 505 2667 dicit
523 2595 612 2685 tibi,
638 2617 686 2670 ne
707 2595 829 2693 diligas
852 2597 1009 2688 liberos,
1035 2616 1082 2667 ne
1096 2605 1227 2686 parent

184 2693 252 2765 bus
279 2693 454 2766 charitate
472 2695 642 2790 jungaris.
706 2695 775 2768 Sed
796 2696 881 2788 quid
901 2695 988 2768 dicit
1006 2692 1103 2768 tibi?
1130 2715 1178 2766 ne
1202 2693 1227 2766 ir

186 2791 390 2866 ordinatam
419 2795 550 2868 habeas
575 2796 814 2878 charitatem,
848 2817 895 2868 ne
917 2795 1069 2887 primum
1087 2806 1227 2885 patrem

186 2905 250 2964 aut
267 2905 437 2984 matrem,
463 2892 594 2968 deinde
613 2917 672 2968 me
692 2894 836 2991 diligas,
862 2917 909 2968 ne
925 2891 988 2967 filii
1006 2893 1039 2966 dt
1056 2889 1139 2965 iiliae
1157 2895 1227 2986 plu=

187 3011 293 3083 quarn
316 2993 386 3065 mei
415 2993 591 3067 charitate
617 2996 786 3068 tenearis.
839 2999 910 3090 Qui
938 3011 1027 3066 amar
1045 3012 1173 3090 patrem
1193 3019 1227 3064 ar

186 3106 319 3162 matrem
327 3093 424 3189 super
435 3119 499 3183 me,
525 3115 592 3165 non
606 3097 644 3193 est
657 3119 705 3165 me
714 3096 838 3189 dignus.
890 3098 961 3187 Qui
978 3111 1065 3164 amat
1071 3094 1183 3185 filium
1197 3121 1227 3165 ar

177 3193 288 3285 filiam
313 3194 405 3290 super
427 3203 495 3282 me,
527 3219 594 3264 non
611 3195 652 3291 eft
675 3220 721 3263 me
737 3201 861 3289 dignus.
909 3193 1051 3267 Recole
1072 3191 1227 3270 conscie!

186 3291 273 3366 tiam
296 3306 393 3366 tuam
417 3293 462 3368 de
487 3297 597 3386 patris
622 3297 796 3367 matrisve
820 3292 970 3386 affeetu,
995 3294 1030 3367 ds
1052 3294 1227 3369 considers

147 3409 157 3428 ”
188 3394 330 3483 qualern
357 3394 453 3467 eirca
471 3390 670 3468 sermonem
692 3393 763 3468 Dei
784 3395 817 3467 δι
840 3391 922 3490 jesu
947 3396 1078 3468 habeas
1105 3395 1227 3468 charit

189 3501 285 3584 tem,
312 3491 427 3568 statim
444 3493 717 3588 deprehendes,
743 3498 853 3591 magis
876 3509 913 3568 te
936 3491 1048 3568 filium
1069 3509 1132 3566 aut
1150 3493 1227 3568 filia:

190 3591 366 3688 diligere,
403 3613 507 3682 quam
527 3595 709 3672 verbum,
745 3597 854 3690 magis
873 3608 911 3669 te
928 3608 1096 3687 parentes
1116 3615 1227 3668 amara

190 3710 296 3781 quam
311 3688 500 3766 Christum.
549 3693 643 3788 Quis
656 3706 760 3790 putas
779 3697 828 3767 ita
840 3692 989 3787 proficit
1005 3715 1049 3766 ex
1067 3696 1200 3786 nohis,
1218 3715 1227 3765 ι

188 3790 404 3885 praecipuam
421 3791 454 3863 &
468 3793 615 3885 primam
624 3794 720 3865 inter
734 3794 854 3867 omnia
869 3791 1227 3867 sermonisDeihabe'

191 3889 428 3964 charitatem?
452 3891 725 3982 quiinsecundo
740 3895 828 3967 loco
843 3894 978 3967 liberos
991 3891 1133 3986 ponat?
1151 3893 1223 3989 Jux

92 3997 97 4004 “
190 3990 289 4063 hunc
312 3990 459 4065 modum
481 4012 557 4065 ama
581 4011 735 4066 uxorem
756 4007 865 4069 tuam.
926 3995 1047 4067 Nudus
1070 4002 1182 4091 quippe
1201 4021 1227 4066 a

192 4091 318 4190 quando
326 4090 418 4179 suam
438 4115 566 4162 carnem
590 4094 658 4164 odio
677 4094 814 4181 habuit,
841 4091 900 4166 sed
924 4106 1017 4167 amat
1036 4108 1079 4166 ut
1097 4115 1227 4168 carneri

195 4192 245 4264 Et
262 4206 379 4278 erunt,
405 4192 544 4284 inquit,
570 4193 628 4263 duo
640 4199 678 4262 in
697 4217 792 4264 carne
807 4217 891 4281 una,
917 4193 951 4266 de
966 4194 1091 4267 nonin
1104 4215 1181 4268 uno
1198 4192 1227 4286 sp

108 4405 112 4414 ,
192 4289 280 4368 ritu.
331 4289 639 4389 AmadeDeum,
662 4290 723 4368 sed
736 4313 812 4370 ama
828 4294 949 4391 illum,
974 4313 1052 4370 non
1064 4308 1105 4368 ut
1119 4315 1227 4468 οπὲιε
