2734 4859
411 609 988 702 nostrumnon
1131 643 1202 719 sn

141 772 229 852 inde
244 769 459 871 discesseris,
487 773 636 851 ascende
647 778 684 851 in
699 788 887 873 montem,
912 778 1041 875 inquo
1058 779 1205 860 solosa·
1293 749 1295 759 Ι

139 873 199 949 los
220 872 293 957 est,
317 894 453 950 nomen
468 872 550 971 Jesu
565 874 724 969 Christi,
750 877 808 951 cui
826 872 879 953 e'st
896 876 1013 982 gloria
1035 878 1072 955 dr
1092 884 1220 981 impe--

136 974 236 1056 'rium
255 969 437 1066 insaecula
450 971 679 1073 soculorum,
704 975 834 1053 Amen.

274 1147 279 1156 ι

187 1205 192 1212 .

359 1309 801 1389 -HOMILIA
859 1314 973 1395 XIV.

459 1450 577 1531 Geren
594 1449 802 1530 Hieronymum
816 1454 886 1537 xl.)
953 1446 956 1454 ’

138 1574 261 1652 Abeo
276 1578 386 1671 loco,
410 1575 533 1670 inquo
547 1576 715 1671 scriptum
731 1557 798 1653 est:
827 1581 903 1651 Heu
917 1581 1003 1651 milri
1016 1604 1064 1677 ego
1079 1598 1201 1673 maren·

219 1698 333 1771 usque
347 1676 391 1752 ad
405 1676 548 1757 locum,
573 1677 701 1770 inquo
718 1679 786 1752 ait:
812 1681 852 1751 Si
871 1681 1037 1771 conversan
1049 1682 1126 1777 fre.

503 1784 575 1870 ris,
599 1778 761 1877 restituam
784 1795 826 1863 ir.

229 1937 506 2012 EODEM
564 1935 1156 2019 INTERPRETE.1

137 2056 327 2236 Medici
345 2076 542 2153 corporum
561 2060 1045 2157 egrotantibus-rffistentes,
1071 2062 1200 2156 &jum

257 2172 296 2231 ta
321 2155 535 2251 disciplinam
555 2159 645 2231 artis
669 2156 740 2231 suae
765 2161 935 2236 volentes
959 2180 1086 2236 corase
1111 2184 1198 2259 eos,

139 2260 204 2356 qui
224 2259 262 2332 in
285 2253 548 2331 infirmitatibus
573 2254 760 2333 constituti
779 2256 890 2353 sunt,
915 2261 1044 2336 vident
1063 2259 1197 2357 tristia,

136 2355 584 2454 injucundapertraiiant,
604 2357 639 2431 dr
654 2357 690 2432 in
702 2360 827 2434 alienis
839 2362 1098 2436 calamitatibus
1114 2379 1199 2435 moe·

136 2481 225 2537 rore
240 2458 390 2555 proprio
403 2454 671 2532 conficiuntur:
697 2455 834 2555 semper
852 2462 945 2535 enim
967 2458 1198 2540 conversatio

139 2558 318 2635 commin
333 2556 484 2653 gemitu,
509 2555 646 2650 semper
656 2557 694 2630 in
706 2561 800 2632 curis
813 2558 885 2651 est,
911 2579 1103 2653 numquam
1116 2580 1200 2638 cum

137 2662 230 2736 lutis
249 2654 470 2731 consortium
491 2655 651 2731 habent:
677 2677 759 2733 cum
776 2660 995 2752 vulneratis,
1023 2681 1105 2735 cum
1126 2660 1199 2740 his.

142 2778 296 2852 quorum
313 2776 435 2829 carnes
459 2756 698 2846 incommodis
720 2759 826 2830 uariis
843 2756 1108 2849 debilitantur,
1140 2778 1201 2851 qut

139 2858 304 2935 febribus
321 2854 487 2939 aestuant,
512 2856 571 2948 qui
589 2855 721 2930 dolore
739 2870 974 2950 torquentur,
995 2859 1072 2956 jugi
1092 2856 1201 2932 servi·

140 2960 199 3033 tio
216 2953 456 3054 perseverant.
505 2951 556 3028 Et
575 2954 600 3027 n
616 2955 694 3048 quia
714 2976 840 3030 eorum
855 2959 937 3029 vult
957 2957 1105 3049 implere
1127 2978 1202 3031 me·

142 3059 318 3151 dicinam,
343 3076 420 3130 non
443 3053 667 3151 indignatur,
691 3075 768 3128 non
786 3054 1010 3129 obliviscitur
1025 3056 1203 3150 proposrti

142 3161 229 3234 artis
242 3155 330 3250 suae,
354 3153 541 3249 postquam
558 3174 639 3227 tum
655 3155 708 3229 his
720 3153 848 3247 suerit,
876 3173 968 3246 quos
983 3153 1097 3230 sermo
1114 3176 1201 3249 prae·

142 3256 240 3333 satus
257 3254 319 3329 est.
369 3254 458 3328 Haec
473 3254 610 3327 idcirco
625 3254 661 3327 in
680 3255 858 3346 prooemio
872 3255 1045 3350 diximus,
1071 3253 1204 3348 quia&

142 3356 334 3453 prophete
351 3353 479 3430 medici
497 3353 765 3445 quodammodo
780 3350 1085 3447 suntunimarum,
1111 3354 1205 3428 &il-

141 3458 205 3534 luc
228 3454 365 3549 semper
386 3455 440 3527 ire
457 3453 659 3548 jubentur,
685 3453 747 3526 ubi
769 3452 979 3551 languentes
999 3453 1089 3529 fint:
1123 3456 1205 3526 Non

145 3570 231 3632 enim
245 3555 355 3646 nareffa
368 3554 487 3626 briem
504 3552 584 3644 sani
598 3555 767 3638 medicum,
787 3555 841 3643 sni
861 3558 908 3643 ii,
932 3556 988 3649 qui
998 3554 1031 3639 se
1046 3554 1126 3625 mala
1144 3552 1204 3623 lar·

144 3659 233 3731 lma.
283 3654 398 3753 Quod
420 3667 539 3729 autem
563 3651 778 3728 adeliciofis
798 3654 1056 3751 egrotantibus
1073 3651 1207 3727 medici

144 3756 352 3853 patiuntur,
377 3759 451 3833 hoc
468 3750 637 3828 sustinent
650 3754 838 3846 prophete
854 3754 897 3825 a'c
909 3750 1062 3849 magistri
1073 3752 1204 3847 abhis,

148 3856 209 3947 qui
228 3858 343 3928 curati
357 3860 498 3930 nolunt.
549 3850 649 3926 Odio
666 3854 799 3947 quippe
814 3852 992 3925 habentur
1008 3852 1103 3943 quali
1118 3872 1206 3952 praa·
1270 3871 1272 3878 ·

147 3956 330 4046 cipiantes
338 3952 523 4029 adversum
532 3951 702 4026 desideria
714 3952 969 4049 languentium,
985 3949 1068 4044 quia
1083 3950 1207 4044 prohi-

146 4056 241 4130 bent
263 4052 420 4149 deliciis,
453 4053 594 4127 &cibis
612 4051 722 4124 variis
739 4053 794 4122 uti
810 4070 898 4144 eoa,
923 4047 1007 4143 qui,
1034 4067 1116 4123 com
1138 4046 1208 4121 s1nt

145 4150 300 4231 infirmi,
326 4156 457 4228 nolunt
469 4151 555 4227 escis
568 4147 791 4227 infirmorum
806 4146 914 4224 vesci.
946 4149 1103 4245 Fugiunt
1118 4165 1157 4218 er
1181 4166 1208 4220 o

146 4241 406 4339 inobedientes
419 4268 527 4351 atque
539 4256 751 4349 languentes
763 4248 945 4346 medicos,
970 4245 1142 4327 &maledi
1180 4246 1210 4320 ‘s

617 4348 760 4432 Mma
1052 4357 1171 4440 atque
