2734 4859
495 707 821 792 tranat
1106 744 1195 822 ‚117

111 873 152 956 it
184 873 224 952 δι
256 872 503 971 tortuoium,
545 875 823 950 conturbabitur
856 874 929 951 line
955 877 1067 954 dubio
1094 883 1190 975 judi·

115 979 205 1054 cium
227 977 400 1070 mentis,
438 976 474 1050 dt
499 975 594 1048 aliud
621 995 690 1068 pro
716 979 787 1048 aiio
811 993 948 1074 agetur.
1016 978 1068 1052 Ita
1097 1006 1187 1079 ergo

117 1077 338 1154 &interior
362 1075 481 1167 visua,
508 1075 572 1148 nifi
599 1075 804 1150 eruditione
830 1077 1051 1154 &industria
1080 1081 1189 1159 suerit

118 1178 366 1268 cumcitatus,
399 1196 472 1268 quo
495 1195 560 1267 per
581 1178 728 1249 multam
746 1175 908 1269 peritiam
933 1178 1186 1262 discretionem

118 1277 201 1352 loni
216 1277 362 1364 habeat
376 1297 419 1366 ac
431 1276 535 1369 mali,
562 1273 620 1348 sed
639 1275 842 1370 ignorantia
858 1275 891 1346 dc
907 1278 1082 1369 imperiti-u
1109 1297 1186 1356 tan-

120 1397 217 1470 quam
239 1375 367 1472 caligo
390 1369 503 1449 oculis
528 1374 722 1467 inciderit,
749 1379 937 1452 autetiam
964 1380 1104 1452 malitie
1124 1384 1185 1456 ali·

121 1477 213 1571 mjus
227 1477 394 1570 languor
408 1489 574 1567 tanquam
590 1471 694 1570 lippis
707 1477 823 1548 oculis
835 1474 1037 1570 accesserit,
1065 1479 1183 1554 discri-

120 1577 310 1654 umboni
329 1590 393 1649 aut
410 1577 494 1670 mali
511 1577 642 1648 intueri
663 1577 866 1648 nullatenus
885 1575 989 1670 poffit
1003 1576 1073 1648 :·&
1097 1580 1182 1655 inde
1232 1569 1237 1578 ’

121 1673 201 1772 fiet,
226 1689 276 1748 ut
293 1677 389 1750 mala
407 1693 475 1768 pro
492 1675 599 1748 bonis
624 1689 733 1771 agat,
759 1676 857 1747 bona
877 1695 969 1747 vero
992 1693 1060 1770 pro
1081 1682 1181 1754 malis

120 1773 269 1870 spernat.
288 1847 300 1858 ,
322 1769 525 1849 suendum
537 1753 630 1847 nanc
646 1794 739 1846 vero
750 1773 922 1863 formam,
949 1776 1109 1865 quamde
1130 1780 1181 1851 vi·

120 1873 152 1948 lu
159 1875 334 1970 corporis
342 1878 536 1966 animaeque
543 1873 785 1967 tradlavimus,
800 1871 1062 1965 consequenter
1073 1878 1182 1953 etiam

120 1975 158 2050 de
173 1977 305 2050 auditu
322 1973 358 2048 dt
374 1971 526 2071 gustu&
545 1973 702 2047 odoratu
717 2025 730 2066 ,
764 1973 931 2064 tadiuque
945 1995 1010 2065 per
1030 1974 1179 2070 singulas

121 2095 277 2168 quasque
298 2071 352 2148 sui
367 2075 506 2170 generis
524 2071 854 2170 virtutesflsensuum
868 2075 1110 2165 corporalium
1126 2097 1182 2149 re·

119 2173 232 2252 luens
249 2173 299 2248 ad
320 2177 444 2248 mima
467 2171 606 2266 sensus,
632 2194 710 2266 quae
727 2174 764 2246 in
786 2170 926 2268 singulis
946 2172 1106 2246 adhiberi
1121 2175 1181 2251 de·

119 2275 222 2350 beant
242 2275 450 2366 exercitia,
484 2293 631 2365 quaeque
656 2273 788 2355 debeat
811 2273 1013 2354 emendatio
1038 2277 1179 2368 parari,

117 2375 270 2450 dilucide
287 2371 542 2471 recognosces.
592 2373 680 2446 Haec
704 2386 822 2446 autem
844 2373 953 2463 paulo
978 2374 1095 2446 latiori
1118 2398 1179 2449 ex·

116 2473 203 2548 cellu
213 2471 402 2569 prosecuti
418 2473 556 2566 sumus,
581 2471 770 2546 ostendere
785 2473 967 2554 volentes,
984 2475 1178 2550 odoratum

116 2571 253 2668 sponsae·
266 2573 302 2647 dt
321 2571 690 2664 adolescentularum,
718 2572 970 2663 quoodoratae
987 2570 1065 2646 sunt
1085 2576 1177 2645 odo-

114 2695 183 2748 ren
202 2687 480 2770 unguentorum
501 2669 741 2766 sponsr,'non
763 2672 929 2762 corporis
953 2670 1090 2764 sensus,
1115 2673 1176 2747 sed

115 2773 224 2848 divini
237 2773 370 2847 odoris
381 2773 498 2852 illius,
524 2773 774 2864 &interioris,
802 2772 861 2861 qui
875 2773 1090 2863 appellatur,
1109 2774 1176 2845 ho·

113 2875 211 2948 minis
239 2874 328 2950 dici.
390 2872 461 2945 Hic
491 2893 578 2969 ergo
607 2872 834 2946 odorationis
857 2869 1000 2961 sensus,
1038 2872 1172 2962 inquo
1240 2927 1245 2938 .

114 2971 211 3047 sanus
233 2972 289 3046 est
313 2972 348 3044 u
369 2974 533 3068 integer,
564 2971 681 3044 odore
704 2968 829 3042 Christi
860 2985 1013 3061 accepto
1034 2991 1078 3042 ex
1096 2972 1175 3046 vita

113 3073 258 3148 adducit
272 3072 318 3144 ad
336 3073 458 3146 vitam.
510 3071 546 3144 Si
561 3091 654 3143 vero
670 3090 747 3143 non
764 3069 804 3141 srt
815 3068 939 3161 sanus,
966 3069 1039 3140 hoc
1055 3071 1173 3144 odore

112 3171 275 3266 suscepto
289 3171 336 3244 de
352 3171 518 3246 mortein
534 3184 691 3245 mortem
704 3169 845 3261 dejicit,
864 3167 1051 3240 secundum
1062 3170 1175 3262 illum,

116 3275 170 3366 qui
199 3273 377 3345 dicebat:
402 3273 567 3364 Quoniam
597 3270 716 3366 Cirrissi
740 3270 836 3338 lmus
858 3270 929 3338 odor
945 3270 1071 3356 sumus,
1098 3272 1175 3340 aleis

112 3375 230 3474 guidem
252 3374 447 3443 devitarint
471 3377 601 3458 vitam,
628 3371 704 3439 aliis
728 3386 832 3439 aurem
853 3370 926 3438 odor
951 3372 987 3438 de
1010 3385 1107 3437 morte
1134 3376 1173 3440 in

109 3489 248 3544 nortem.
301 3471 472 3563 Denique
487 3471 592 3562 &hi‚
618 3471 744 3561 quibus
761 3466 961 3541 intelleiius
980 3467 1170 3542 herbarum

112 3571 159 3646 est
178 3573 522 3668 pigmentorumque
547 3569 705 3664 peritia,
739 3568 889 3656 ferunt,
924 3568 1080 3658 quaedam
1102 3566 1171 3641 elle

112 3675 312 3768 pigmenta,
338 3670 692 3762 quorumsrodorem
705 3669 885 3761 ceperint,
907 3671 1081 3739 nonnulla
1100 3668 1173 3738 an'i·

113 3773 211 3848 malla
224 3769 406 3844 continuo
419 3769 620 3843 intereunt:
646 3769 713 3840 alia
733 3788 825 3840 vero
843 3766 971 3838 codem
987 3767 1103 3840 odore
1115 3787 1172 3838 re·

114 3886 301 3964 creantur,
328 3870 511 3960 vitamque
533 3867 724 3960 recipiunt.
776 3865 824 3938 Et
843 3887 940 3938 nunc
959 3886 1045 3961 ergo
1060 3868 1095 3938 in
1116 3867 1171 3938 his
1217 3915 1220 3922 ·

115 3967 188 4061 ipsu
203 3967 490 4064 expofitionibus
508 3966 808 4056 defemoribus,
835 3985 926 4056 quos
947 3967 1118 4038 habemus
1133 3968 1171 4037 in

117 4071 295 4163 manibus,
321 4068 466 4144 videtur
485 4069 560 4141 aliis
583 4065 652 4140 elle
671 4067 749 4138 vita
777 4087 822 4138 ex
841 4067 947 4157 vita,
963 4065 1053 4136 aliis
1077 4081 1170 4136 vero

118 4189 209 4242 nors
233 4190 279 4243 ex
303 4182 433 4243 morte.
483 4167 579 4242 Nam
594 4166 618 4240 sr
635 4168 713 4240 haec
733 4165 869 4257 exponi
890 4165 941 4235 ita
960 4164 1078 4236 audiat
1099 4164 1171 4246 ani

119 4269 236 4355 malis,
262 4269 324 4360 qui
338 4268 487 4361 dicitur,
506 4269 645 4358 homo,
673 4268 733 4358 qui
751 4285 826 4337 non
841 4261 963 4356 potest
981 4262 1173 4360 percipere

122 4363 383 4463 emungere,
416 4388 495 4458 qua
506 4363 592 4437 anit
610 4363 756 4462 spiritus
779 4363 880 4470 Dei,
914 4367 1090 4448 irridebit
1106 4366 1187 4449 line
