2734 4859
497 651 740 734 urnun
788 655 868 736 111.
1124 681 1195 758 ης

143 819 189 896 de
214 837 263 895 eo
287 813 475 914 predicata
494 817 654 900 fuerent,
682 840 871 917 apparere,
903 817 1145 897 &ostendere
1162 819 1200 898 se

147 919 306 994 ecclesie
326 921 418 994 intra
443 920 609 1013 domum,
643 921 715 994 hoc
732 920 804 1011 est,
829 923 922 994 intra
935 922 1087 995 litteram
1107 924 1198 1017 legis

141 1019 298 1112 sedenti,
334 1033 516 1112 provocat
537 1040 614 1095 eam
632 1020 714 1093 inde
738 1022 855 1110 exire,
891 1018 1069 1093 &venire
1093 1019 1216 1096 foras·

141 1117 254 1194 adse.
305 1117 382 1192 Nili
396 1118 489 1193 enim
509 1133 628 1212 exeat,
652 1119 714 1193 nili
731 1120 917 1212 procedat,
942 1119 977 1191 dr
989 1121 1197 1216 progredia-

142 1235 200 1292 tur
218 1217 375 1298 alittera
390 1219 435 1291 ad
453 1217 630 1312 spiritum,
655 1239 732 1292 non
745 1216 863 1314 potest
881 1216 1008 1313 sponso
1025 1217 1087 1291 suo
1105 1239 1196 1292 con·

137 1315 263 1414 jungi,
298 1337 416 1410 neque
435 1315 576 1392 Christo
592 1314 729 1393 sociari.
778 1319 902 1391 Vocat
924 1337 1010 1414 ergo
1030 1337 1126 1400 eam,
1161 1317 1198 1390 dr

141 1417 274 1490 invitet
293 1437 315 1488 a
331 1415 528 1490 carnalibus
545 1417 589 1490 ad
605 1415 788 1512 spiritalia,
827 1439 847 1488 a
867 1416 1058 1491 visrbilibus
1079 1417 1121 1489 ed
1143 1417 1196 1488 in·

142 1515 309 1598 risibilis,
325 1513 364 1590 'e
384 1517 462 1612 lege
486 1517 611 1590 venire
628 1515 671 1590 ad
692 1517 887 1613 evangelia.
937 1513 985 1588 Et
1001 1516 1085 1590 ideo
1107 1515 1198 1588 dicit

141 1613 196 1690 ei:
220 1615 339 1704 Serge,
362 1619 440 1686 veni
453 1619 597 1712 proxima
610 1641 689 1706 mea,
707 1616 846 1709 formosa
867 1641 943 1697 mre,
969 1614 1196 1688 columbanus.

139 1711 191 1786 Et
210 1725 255 1786 ut
273 1713 389 1804 aliqua
405 1713 510 1788 etiem
528 1713 573 1789 de
591 1715 668 1809 his,
705 1737 781 1808 quae
800 1714 1024 1810 postmodum
1043 1713 1195 1789 dicende

141 1810 243 1904 sunt,
274 1815 554 1907 preveniamus,
587 1815 754 1889 timentes
769 1813 907 1888 ¹sensum
932 1816 1110 1910 perdere,
1133 1814 1195 1906 qui

140 1910 306 1984 occurrit
323 1911 360 1986 in
374 1911 565 1988 hocloco:
590 1928 782 2010 propterea
799 1913 946 1988 fortasis
960 1913 1091 1986 &illud
1105 1913 1201 1987 dicit-

140 2013 184 2083 ed
205 2031 306 2102 eam,
333 2012 414 2102 quia
436 2013 541 2086 etiam
561 2012 685 2105 hyems
705 2013 858 2104 transiit,
884 2013 1131 2108 pluviaabiit,
1153 2011 1196 2085 si·

140 2111 216 2184 mul
231 2109 267 2182 u
279 2109 441 2204 passionis
455 2111 522 2185 suae
536 2123 675 2204 tempus
694 2113 872 2204 indicans,
907 2112 1004 2205 quod
1021 2109 1196 2184 tranensis

140 2210 292 2302 hyeme,
328 2209 521 2301 &dejediis
538 2211 706 2286 imbribus
725 2210 796 2304 ipse
817 2209 930 2304 passus
948 2210 1015 2285 est:
1040 2210 1136 2284 simul
1150 2209 1198 2284 dt

139 2308 227 2382 illud
247 2328 392 2402 quoque
409 2329 474 2400 per
496 2307 682 2402 spiritalem
710 2309 888 2408 defignans
903 2311 1196 2406 intelligentiam,

141 2407 240 2499 quod
258 2405 367 2500 usque
388 2409 429 2478 ad
449 2407 533 2481 illud
549 2425 710 2502 tempus,
736 2431 809 2501 qno
825 2407 979 2482 Christus
1000 2408 1113 2503 passus
1130 2407 1195 2498 est,

140 2506 275 2581 imbres
293 2506 438 2580 fuerunt
453 2505 553 2600 super
569 2523 710 2582 terram.
758 2508 954 2582 Mandabat
968 2510 1062 2590 enim
1080 2508 1196 2580 adbuc

141 2604 323 2679 Dominus
344 2606 548 2702 imbribus,
571 2605 704 2680 scilicet
726 2608 936 2702 prophetis,
969 2623 1010 2678 ut
1028 2609 1196 2700 pluerent

140 2703 246 2778 verbi
265 2705 423 2798 pluviam
445 2703 547 2800 super
566 2721 708 2780 terram.
759 2707 830 2779 Sed
846 2708 926 2797 quia
946 2701 1114 2796 usquead
1133 2707 1198 2799 Jo-

141 2825 271 2878 ennem
289 2783 477 2895 baptistam
492 2807 703 2897 prophetica
719 2803 892 2879 finiuntur
909 2803 1038 2894 officia,
1064 2808 1197 2878 merito

139 2907 273 2977 imbres
292 2899 428 2995 abiisse,
461 2901 687 2980 &discessrsse
708 2905 884 2979 dicuntur.
936 2901 1119 2976 Cesserunt
1137 2922 1200 2974 uu·

141 3018 215 3077 tem
235 3002 440 3096 prophetici
463 3003 593 3077 imbres
613 3023 689 3077 non
705 3005 748 3077 ad
770 3005 932 3077 damnum
950 3003 1198 3091 credentium,

143 3101 200 3175 sed
230 3102 276 3175 ed
302 3103 436 3192 maiora
459 3101 613 3175 ecclesie
634 3105 743 3177 lucra.
796 3103 892 3198 Quid
916 3103 1008 3175 enim
1026 3101 1204 3174 imbribus·

143 3221 236 3294 opus
253 3197 327 3291 est,
360 3202 419 3272 ubi
440 3199 571 3274 flumen
587 3201 656 3274 Dei
674 3200 831 3275 letificat
845 3199 1055 3274 civitatem?
1080 3201 1141 3272 ubi
1163 3200 1203 3272 in

144 3303 258 3372 corde
279 3299 556 3392 uniuscujusque
574 3301 794 3375 credentium
814 3301 897 3374 sons
916 3321 1011 3392 aque
1027 3302 1118 3370 vivae
1134 3293 1199 3388 lit,

141 3398 296 3472 salientis
312 3399 349 3471 in
367 3399 477 3472 vitam
489 3399 680 3474 aeternami
708 3401 805 3499 Quid
820 3421 910 3490 opius
921 3399 1105 3488 imbribus,
1132 3391 1199 3468 ubi

141 3499 212 3591 jam
228 3497 340 3570 flores
363 3517 574 3591 aparuerunt
596 3501 633 3571 in
649 3499 896 3590 terranostra,
923 3499 1017 3571 &ex
1038 3495 1201 3568 adventu

143 3597 295 3672 Domini
315 3598 482 3689 jamnon
505 3598 680 3670 exciditur
700 3597 875 3688 ficulnea,
910 3618 985 3688 quae
1005 3597 1101 3688 prius
1120 3613 1201 3667 non

145 3699 317 3770 attulerat
341 3693 518 3770 frutiurn?
552 3695 662 3770 Nunc
684 3699 776 3771 enim
792 3698 861 3790 jam
876 3697 1047 3787 produxit
1059 3691 1199 3791 grossos

145 3795 239 3872 fisos.
293 3793 363 3867 Sed
389 3793 552 3866 &vineae
569 3795 743 3871 dederunt
760 3798 910 3870 odorem
930 3795 1038 3870 suum.
1089 3789 1199 3866 Unde

146 3895 285 3968 &unus
302 3893 442 3985 quidam
457 3915 502 3966 ex
515 3893 578 3966 ista
592 3896 700 3969 vinea
714 3897 872 3970 dicebat:
899 3898 989 3990 Quia
1015 3891 1135 3986 cirilli
1147 3891 1199 3960 bo-

145 4021 206 4066 nus
229 3997 304 4068 odor
315 3995 427 4084 sumus
450 3997 516 4063 Deo
537 3999 574 4063 in
596 3999 755 4067 omnisne
777 4002 812 4066 in
830 3997 900 4078 bis,
920 4001 983 4090 'qui
993 3993 1197 4082 salvificus,

146 4097 185 4171 σ
203 4103 239 4164 in
257 4097 331 4183 iris,
355 4097 413 4190 qm·
424 4109 565 4188 pereunt.
618 4091 686 4168 Sed
706 4097 802 4186 haec,
828 4092 916 4167 ficut
933 4092 1033 4186 supra
1049 4090 1201 4184 deigna-

147 4197 289 4286 vimus,
317 4207 504 4282 antequam
527 4192 570 4266 ad
587 4192 658 4284 ipsa
676 4193 854 4288 scripture
872 4195 954 4267 loca
974 4192 1096 4263 venire
1115 4207 1202 4280 prae·

151 4293 380 4391 sumpsimus,
416 4311 461 4365 ne
475 4288 572 4366 forte
592 4292 731 4393 fugeret
746 4307 813 4370 nos
831 4291 967 4390 sensus,
999 4291 1060 4385 qui
1076 4304 1209 4464 ougu-

1087 4407 1128 4464 'sl
1153 4410 1179 4462 e
