2734 4859
330 567 892 696 ..¹³⁰.M.·¹¹=.¹ss··
1108 604 1155 678 aa

141 751 176 810 as
192 727 269 812 esse
284 751 369 810 cum
384 732 526 832 sponso.
557 731 647 812 Inde
661 735 769 833 igitur
785 737 869 810 nihi
881 736 1052 814 videntur
1071 763 1155 836 qua·
1195 817 1198 826 ⁴

142 853 161 906 r
179 831 364 928 ordines,
388 855 500 910 unum
522 836 704 928 aunan,
732 835 823 910 duos
846 839 980 912 choros
1001 843 1097 914 inter
1117 841 1155 917 se

141 935 343 1018 teineutes,
368 931 529 1030 sponsam
545 954 677 1017 canem
694 956 775 1010 curn
788 937 1018 1031 juvenculis,
1046 939 1152 1033 spon·

141 1053 308 1106 sunere
338 1053 422 1110 cum
443 1033 558 1110 sociis.
618 1031 668 1108 Ec
696 1056 776 1110 cum
805 1037 878 1110 hoc
906 1039 1151 1136 intellexeris,

141 1133 368 1208 icanticum
390 1139 637 1227 canticorum,
663 1133 698 1207 &
721 1131 865 1228 festina,
890 1139 1089 1234 intelligere
1110 1139 1151 1212 il-

143 1283 156 1324 ,
182 1233 225 1306 dt·
244 1251 333 1306 cum
350 1231 474 1328 sponsa
495 1234 616 1309 dicere
637 1245 701 1316 ea,
728 1254 806 1326 quae
828 1235 953 1328 sponsa
970 1239 1081 1334 dicit,
1106 1253 1149 1312 ut

141 1333 217 1424 ias,
247 1350 331 1424 quae
346 1331 485 1408 audivit
499 1334 534 1406 u
547 1329 681 1430 sponsa.
731 1333 768 1406 Si
789 1349 998 1409 autemnon
1019 1352 1150 1430 potue·

141 1431 263 1504 dicere
285 1453 372 1506 cuna
385 1431 530 1528 sponsa,
558 1454 635 1526 quae
652 1434 763 1526 dixit,
789 1449 830 1507 ut
846 1436 964 1510 audias
981 1456 1043 1518 ea,
1068 1458 1149 1528 quae

141 1531 268 1604 nsunt
282 1530 446 1626 sponsas,
474 1535 618 1620 festina,
647 1535 707 1606 vel
729 1551 809 1607 cum
835 1531 949 1626 sponsi
969 1533 1147 1609 sodalibus

141 1633 160 1704 i.
222 1629 348 1704 Porro
367 1631 440 1705 st&
463 1636 530 1706 illis
548 1633 699 1707 inferior
720 1653 784 1716 es,
811 1633 888 1706 esto
908 1653 989 1706 curn
1013 1633 1148 1706 adoles·

141 1727 253 1823 tulis,
280 1751 361 1824 quae
380 1730 416 1805 in
438 1730 571 1826 spousae
590 1733 725 1806 deliciis
747 1747 1028 1806 commorantur.
1080 1733 1147 1807 Hae

141 1851 202 1922 ape
227 1831 267 1900 in
293 1833 369 1904 hoc
387 1833 503 1926 libro,
532 1832 652 1905 fabula
676 1833 832 1928 pariter,
861 1831 1144 1923 &epithalamio

141 1927 359 2022 :personata
394 1951 440 2004 ex
461 1953 535 2024 quo
559 1931 592 2004 dc
616 1931 769 2029 gentiles
791 1930 853 2003 sibi
878 1930 1146 2023 epithalamium

141 2029 332 2120 dicarunt,
358 2029 507 2104 &istius
526 2031 665 2130 generis
686 2051 828 2104 carmen
853 2027 1063 2122 assumptum
1082 2029 1145 2106 cst.

141 2129 355 2202 thalarnium
375 2131 542 2220 siquidem
570 2131 749 2203 canticum
777 2130 1011 2206 canticorum.
1073 2127 1152 2200 Pri·¹

141 2247 170 2300 m
190 2225 442 2322 spousaorat,
470 2229 504 2302 da
523 2229 638 2304 statim
663 2231 698 2302 in
715 2229 838 2303 mediis
861 2231 1029 2322 precibus
1048 2227 1145 2300 audi·

193 2327 316 2400 Videt
332 2327 539 2420 praesentem
560 2326 748 2422 sponsum,
777 2329 878 2400 videt
897 2325 1144 2400 adolescentu·

145 2423 212 2499 suo
237 2427 432 2501 comitatui
456 2431 654 2522 copulatas.
719 2427 862 2500 Deinde
891 2425 1086 2522 respondet
1111 2427 1145 2500 ei

141 2529 241 2602 usus:
269 2527 305 2599 dr
324 2525 405 2622 post
419 2525 532 2622 sponsi
546 2526 711 2620 eloquia,
739 2526 820 2600 durn
838 2527 897 2600 ille
910 2547 977 2619 pro
993 2529 1069 2618 ejus
1084 2549 1144 2619 pa·

141 2625 314 2719 rsalute,
341 2626 559 2721 respondent
569 2627 729 2718 sodales,
757 2628 876 2699 donec
892 2625 1037 2719 sponsus
1053 2627 1093 2698 srt
1104 2627 1144 2700 in

141 2727 263 2814 abitu,
292 2728 328 2798 dr
348 2747 368 2798 a
387 2727 541 2819 passione
565 2725 780 2822 consurgat,
809 2723 843 2798 se
866 2727 1024 2818 quaedam
1038 2723 1143 2820 spon·

141 2843 351 2898 >rnamenta
367 2825 535 2899 sessuros.

147 2947 180 2999 a.
210 2926 356 2999 Verum
372 2927 443 3017 jam
461 2925 535 3020 ipsa
557 2927 671 2998 verba
694 2923 863 3016 ponenda
886 2921 987 3016 sunt,
1012 2925 1051 2996 ln
1069 2924 1143 3016 qui·

160 3027 268 3118 prius
297 3047 376 3097 vox
400 3023 532 3118 sponsae
560 3026 785 3117 deprecantis
809 3024 961 3098 auditur.
1022 3024 1144 3113 oscule-

142 3149 187 3195 ιιι
202 3127 311 3212 osculo
327 3130 391 3194 oris
398 3125 464 3214 sui.
515 3128 682 3224 Quorum
697 3122 760 3196 iste
774 3123 824 3196 est
837 3119 969 3196 sensus:
994 3127 1143 3221 Quous-

141 3221 323 3318 esponsus
347 3246 447 3297 meus
471 3225 582 3298 mittit
605 3220 725 3296 oscula
745 3243 810 3315 per
838 3220 998 3314 Mosen,
1031 3223 1144 3296 mittit

141 3329 193 3398 ula
209 3345 282 3418 per
299 3324 525 3416 prophetas?
560 3321 638 3419 Jam
655 3320 759 3415 ipsius
783 3324 892 3414 cupio
919 3342 984 3394 ora
1003 3323 1144 3394 contin-

141 3446 175 3514 a,
203 3424 283 3517 ipse
304 3426 448 3518 veniat,
473 3421 545 3518 ipse
561 3421 761 3496 descendat.
794 3420 888 3493 Orat
902 3421 1010 3516 igitur
1026 3419 1143 3513 sponsi

140 3545 246 3615 rem,
282 3523 317 3595 ἃ
337 3523 424 3595 dicit
446 3526 611 3596 adeum:
646 3522 809 3609 osculetur
828 3545 873 3590 me
889 3523 984 3607 uscqu
1001 3533 1061 3589 uris
1078 3524 1140 3606 sui.

141 3623 322 3716 quietalis
341 3622 413 3714 cst,
437 3637 479 3694 ut
495 3625 720 3714 compleatur
744 3617 939 3714 supeream
955 3621 1143 3713 propheti·

141 3723 281 3814 lillud,
309 3722 346 3794 in
361 3741 435 3814 quo
451 3723 597 3796 dicitur:
625 3721 735 3790 Adhuc
750 3735 780 3789 re
793 3723 936 3816 loquente
950 3723 1060 3798 dicum,
1078 3741 1142 3792 eccs

141 3848 203 3894 uu:
245 3820 407 3915 sponsam
430 3821 544 3914 sponsi
568 3833 669 3914 pater
693 3818 861 3912 exaudit,
891 3820 1001 3891 mittit
1026 3816 1141 3895 lilium

141 3945 183 4000 m.
238 3922 381 3996 Videns
397 3923 456 3995 illa
477 3939 580 4013 eum,
607 3919 708 4010 cujus
728 3917 987 4011 deprecabatur
1008 3919 1142 3992 adven·

141 4043 175 4118 t,
208 4043 321 4096 orare
348 4019 508 4113 destitit,
539 4017 641 4092 &ad
662 4036 744 4092 eum
773 4019 935 4091 cominus
957 4015 1139 4110 loquitur:

141 4127 243 4194 uuam
267 4123 348 4194 baua
364 4123 462 4194 ubera
483 4136 541 4193 tua
552 4120 645 4216 [uper
664 4122 796 4203 vinum,
822 4129 860 4194 U
877 4120 950 4189 odor
967 4135 1140 4209 unguento·

141 4241 293 4296 tinorum
304 4221 673 4322 superomniaurum‘alu.
698 4211 854 4311 Sponsus
864 4218 971 4316 igitur
981 4212 1138 4291 christus

141 4327 279 4425 lugetis
294 4321 470 4404 rorum
580 4365 584 4370 -
693 4311 724 4390 c
970 4310 1091 4400 uilius
