2734 4859
383 605 758 686 nonrtra
805 607 861 686 11.
1111 631 1157 702 ⁶,

129 793 168 850 m
191 769 298 846 idem
323 771 474 862 valent,
501 771 536 842 dt
552 790 735 863 nunquam
753 770 883 848 ditium
899 775 950 850 est
970 776 1159 873 separatim

129 895 134 944 τ
154 871 423 946 tantummodo
441 873 714 964 columbarum,
742 871 801 946 sed
817 894 881 966 par
899 890 1101 975 turturum,
1121 885 1158 960 dr

129 995 166 1046 or
181 973 317 1066 pullos
335 973 596 1046 columbarum.
649 969 829 1046 Columba
846 973 998 1065 Spiritus
1017 978 1157 1059 sanstus

129 1097 141 1148 :.
160 1071 326 1168 Spiritus
340 1085 460 1144 autem
476 1068 632 1164 sanctus,
660 1072 805 1163 quando
824 1073 868 1144 de
884 1080 1070 1172 magnis&
1091 1103 1155 1156 oc·

129 1171 297 1246 ltioribus
316 1171 564 1266 sacramentis,
582 1171 618 1244 dt
631 1191 710 1262 quae
723 1174 825 1244 multi
841 1194 971 1268 capere
984 1199 1061 1254 non
1074 1181 1157 1273 pos-

129 1288 170 1364 tt,
197 1273 395 1364 loquitur,
418 1273 455 1344 in
476 1271 627 1342 turturis
641 1273 885 1366 appellatione
907 1273 1089 1371 signatur,
1115 1283 1154 1356 id

130 1427 143 1464 ‚
169 1374 255 1464 ejus
281 1374 384 1462 avis,
416 1391 495 1463 quae
513 1367 649 1464 semper
672 1371 711 1444 in
735 1373 913 1446 montium
931 1375 1026 1470 jugis
1045 1379 1079 1450 dt
1099 1401 1154 1452 ar·

129 1493 206 1546 rum
230 1472 440 1544 verticibus
467 1483 726 1546 commoratur.
777 1470 818 1544 In
847 1472 1001 1547 vallibus
1032 1491 1154 1555 autem
1230 1469 1233 1476 ’

129 1575 208 1664 his,
242 1592 325 1662 quae
340 1572 384 1642 ad
397 1571 562 1644 homines
580 1589 696 1662 usque
712 1571 955 1666 perveniunt,
983 1577 1152 1652 columba

129 1673 277 1746 rmitur.
331 1669 501 1761 Denique
519 1666 705 1763 salvator,
732 1671 814 1761 quia
831 1669 1015 1746 hominem
1035 1675 1085 1748 est
1103 1677 1155 1750 di·

129 1789 200 1846 rtos
221 1768 426 1863 assumere,
461 1769 496 1841 dt
513 1770 617 1842 venit
636 1769 679 1842 ad
701 1782 840 1863 terras,
867 1773 1041 1870 multique
1062 1791 1154 1850 tune

129 1893 170 1946 ca
191 1869 399 1968 Jordanem
421 1882 635 1961 peccatores
661 1882 795 1963 erant,
835 1869 974 1944 idcirco
998 1873 1153 1969 spiritua

130 1969 212 2046 &ua
241 1991 324 2044 non
349 1971 387 2040 in
411 1980 589 2044 turturem
612 1970 795 2061 vertitur,
820 1967 881 2042 sed
903 1971 1071 2044 columba
1085 1969 1154 2070 sit,

129 2093 165 2146 er
186 2091 266 2144 nos
289 2081 443 2162 propter
462 2069 648 2143 hominum
669 2068 936 2143 multitudinem
959 2072 1035 2146 avis
1056 2094 1155 2147 man.

130 2173 212 2244 tior
241 2167 492 2242 conversatur.
552 2167 691 2240 Turtur
714 2183 835 2244 autem
858 2168 1025 2265 videtur,
1047 2176 1155 2250 verbi

129 2273 222 2364 tia,
267 2269 366 2342 Mosr
387 2267 424 2340 dt
449 2265 513 2340 uni
535 2269 685 2341 cuilibet
705 2271 962 2362 prophetarum
982 2272 1169 2348 receden·.

129 2372 226 2446 min
256 2369 460 2442 montes&
489 2367 649 2461 deserta,
676 2367 711 2440 δι
737 2370 788 2441 ibi
811 2370 1063 2462 accipientium
1084 2372 1154 2448 ser·

129 2493 207 2545 mes
236 2469 325 2543 Dei.
382 2473 454 2542 Vox
476 2488 564 2564 ergo
585 2473 728 2541 turturis
746 2473 860 2540 audita
877 2472 914 2565 ess
929 2475 966 2539 in
988 2488 1078 2545 terra
1097 2499 1153 2545 no-

129 2603 145 2646 t.
206 2575 306 2641 Ficus
326 2569 477 2665 produxit
490 2566 602 2662 graffiis
618 2570 701 2658 suos.
752 2569 794 2642 A
812 2571 881 2658 sicu
909 2572 1076 2662 dignoscite
1095 2595 1154 2670 pa·

129 2675 241 2745 osam:
267 2694 337 2740 cum
351 2693 458 2741 ramus
471 2675 538 2765 ejus
556 2686 646 2740 tener
655 2665 772 2759 satius
781 2668 913 2758 fuerit,
940 2669 979 2744 (Ἰ
989 2672 1077 2762 folia
1092 2680 1153 2743 mi·

129 2781 175 2858 ft,
201 2773 339 2860 scitota,
364 2775 438 2866 quia
446 2774 545 2866 juxto
559 2769 598 2863 ess
614 2769 709 2866 alias.
758 2770 851 2840 Vult
869 2769 974 2841 nobis
990 2771 1060 2844 Dei
1077 2776 1154 2848 elo·

129 2876 202 2946 ium
229 2871 430 2961 nunciare,
458 2867 538 2962 post
561 2871 751 2961 hyemem,
777 2868 859 2960 post
880 2872 1059 2961 procellas
1081 2875 1153 2946 ani·

131 2995 218 3046 rum
243 2967 539 3065 appropinquasse
553 2968 718 3058 messem,
746 2966 781 3038 u
796 2968 862 3040 ait:
895 2973 988 3038 Ficus
999 2975 1153 3066 produxit

129 3073 189 3163 ffos
212 3073 316 3160 suos,
354 3077 440 3141 vites
460 3069 658 3166 florescunt,
685 3069 839 3139 dederunt
865 3070 1007 3140 odorem:
1040 3070 1154 3162 srjam

129 3187 300 3267 npuntur
325 3173 363 3242 in
396 3169 553 3262 florem,
585 3184 727 3260 tempus
753 3166 949 3263 adveniet,
987 3169 1020 3243 dt
1046 3186 1155 3246 erunt

129 3300 172 3350 ae.

157 3395 217 3466 13.
250 3375 368 3464 Surge,
394 3375 471 3440 veni
483 3376 628 3466 proximu
648 3395 731 3454 mea,
757 3369 883 3463 speciosa
900 3391 987 3460 meo,
1014 3368 1154 3441 cosumsa

129 3503 156 3548 a.
212 3471 333 3562 Haec,
361 3492 438 3560 quae
456 3468 613 3562 superius
630 3467 882 3560 exposuimus,
909 3466 1055 3558 sponsus
1074 3491 1154 3545 non

129 3573 317 3648 dientibus
338 3569 636 3659 adolescentulis,
669 3569 728 3642 sed
749 3566 822 3639 sola
842 3566 965 3660 sponsa
985 3567 1154 3642 audiente

129 3676 259 3766 poitur.
311 3671 491 3742 Volumus
514 3684 632 3743 autem
655 3670 687 3740 ἃ
711 3669 816 3759 ipsius
843 3668 914 3758 jam
940 3668 1061 3740 audire
1086 3668 1155 3741 ser·

129 3795 255 3862 inem,
284 3771 468 3860 loquentis
487 3772 530 3844 ad
553 3768 732 3863 sponsam:
760 3772 884 3856 Surge,
911 3773 989 3837 veni
1006 3773 1156 3863 proxima

129 3903 163 3962 ι,
185 3873 324 3969 speciosa
344 3895 429 3954 mea,
449 3871 585 3940 columba
604 3896 695 3954 mea,
722 3867 760 3942 (5
776 3873 854 3936 ueni
869 3867 1004 3938 tosumsa
1018 3893 1083 3937 mea
1095 3870 1154 3956 jub

129 3980 216 4046 mine
237 3987 349 4068 petra.
401 3968 450 4041 Et
479 3968 604 4043 Moses
637 3967 699 4041 sub
728 3968 885 4063 tegmine
909 3983 1020 4063 petrae
1047 3970 1154 4061 poni·

129 4099 161 4172 ·,
188 4089 233 4146 ut
250 4072 378 4144 videat
399 4069 604 4162 posteriora
625 4069 709 4141 Dei.
761 4074 802 4139 sn
820 4076 953 4160 tegmine
970 4084 1156 4137 antemura-

182 4173 347 4248 Primum
370 4169 459 4245 veni
480 4169 601 4263 adid,
628 4167 727 4260 quod
753 4181 836 4240 ante
857 4188 996 4242 murum
1015 4164 1092 4340 ag,
1121 4164 1155 4238 dt

982 4285 1032 4364 po
1066 4285 1110 4341 ea
