2734 4859
541 183 551 194 n

351 182 357 433 Ι
771 409 774 422 ι
950 409 954 418 ι
1255 393 1259 418 Ι

195 425 200 446 Ι
452 453 456 460 Ι
731 451 736 462 ι
797 445 799 452 Ι
868 433 885 456 ..Ι
1138 441 1142 456 Ι
1208 453 1210 460 Ι

273 475 279 485 ι
357 477 360 482 ι
441 477 444 482 ·
782 459 791 480 Ι
884 459 886 464 ¹
1062 469 1065 476 ι
1106 473 1110 482 ,
1271 463 1273 470 “

106 483 114 496 “
142 488 149 502 ι

105 679 111 688 ,
146 619 258 694 „20⁴
317 589 554 676 orionus
573 590 634 674 nr
656 579 932 706 cannensi
956 583 1169 710 cnunc·

184 759 316 838 dilium
340 760 410 837 est:
446 759 579 858 lipmra
594 765 719 856 parton
735 757 879 839 teum&
894 761 1027 833 natm
1043 775 1144 854 tuom.
1190 756 1245 855 Et

182 863 332 938 iteruin:
364 866 434 956 Qui
451 886 519 956 non
534 862 601 931 odit
612 874 755 958 mtrem,
780 858 1055 956 &respuunt
1070 881 1144 954 quo
1158 879 1245 958 pro·
1266 877 1268 884 ·

181 961 280 1038 felin
298 961 513 1054 niemietatis
528 961 680 1033 charitas
694 961 731 1033 in
749 957 869 1043 Dentis
885 959 952 1048 his,
980 962 1040 1054 qui
1050 958 1246 1034 adversan-
1286 1001 1288 1014 =

182 1075 257 1153 tur,
284 1059 506 1134 contrarium
518 1059 662 1133 ridetur
677 1078 850 1156 generare
865 1055 1044 1144 affeecunn
1068 1057 1153 1134 duta
1164 1061 1246 1134 nul-

167 1161 217 1235 'la
230 1159 357 1253 potest
373 1157 443 1234 esse
455 1157 693 1234 consonantia
704 1159 777 1234 luci
795 1159 1016 1255 detentoria,
1049 1157 1243 1248 &chrisio

106 1307 108 1312 .
182 1281 265 1334 cunr
290 1259 422 1351 Belial,
455 1278 526 1334 nee
556 1257 681 1334 eadem
703 1259 829 1352 portio
852 1255 922 1334 effe
946 1255 1042 1334 fideli
1062 1278 1144 1350 cum
1163 1249 1244 1334 infi-

181 1360 264 1435 deli.
313 1358 379 1433 His
391 1379 496 1458 ergo,
521 1370 563 1431 ut
576 1360 775 1455 potuimus,
790 1357 836 1433 de
848 1355 1034 1434 ‘charitatis
1049 1357 1254 1454 ordinibus·

181 1456 366 1550 expositis,
391 1471 494 1553 patet
502 1457 546 1530 ad
562 1455 847 1554 intelligendum,
874 1458 957 1552 quid
970 1457 1027 1552 tit,
1053 1455 1244 1552 quod'pot-

179 1578 241 1632 cat
264 1553 408 1651 sponsa,
440 1555 478 1631 id
499 1554 571 1648 est,
604 1557 771 1647 ecclesia,
804 1559 866 1632 vel
890 1558 1004 1632 anima
1021 1557 1174 1632 tendent
1195 1558 1243 1645 ad

118 1657 125 1691 ·’
177 1656 452 1753 perfectionem,
477 1653 631 1752 prestari
643 1655 707 1731 fibi
723 1659 767 1732 ab
785 1656 904 1732 amicis
914 1655 1045 1752 sponsi,
1071 1658 1243 1750 quoniam

177 1757 362 1830 introduci
378 1758 414 1830 se
430 1754 648 1852 poposcerat
663 1756 701 1830 in
716 1755 863 1831 domum
879 1757 977 1850 vini,
1000 1757 1064 1831 ubi
1080 1755 1242 1846 ficedu-

92 1953 94 1958 ,
177 1856 242 1932 bio
265 1857 493 1931 intellexerat
514 1855 554 1930 in
577 1857 752 1970 omnibug
765 1856 845 1948 his,
864 1875 948 1951 -qnae
968 1855 1129 1950 viderat,
1155 1857 1241 1931 cini-

139 2017 143 2026 ,
176 1976 267 2030 nere
289 1956 323 2028 ἃ
342 1957 549 2049 precellere
570 1957 718 2052 gratiam
739 1956 943 2050 charitatis,
969 1955 1012 2032 it
1026 1953 1132 2049 ipsam
1154 1957 1243 2030 didi·

178 2049 284 2129 cerat'
304 2057 478 2149 majorem
499 2054 679 2150 omnium,
712 2052 896 2148 solamque
918 2053 989 2130 esse
1008 2056 1240 2150 charitatem,
1259 2115 1261 2120 .

176 2177 255 2246 qne
270 2175 463 2248 numquam
479 2154 600 2227 cadet:
625 2154 710 2228 ideo
726 2153 904 2250 deposcit,
927 2170 970 2227 ut
984 2154 1148 2229 ordinent
1162 2156 1239 2248 eJus

174 2252 305 2333 discat,
328 2275 375 2326 ne
397 2253 496 2327 forte
514 2253 645 2343 aliquid
658 2255 902 2329 inordinatum
922 2253 1078 2348 faciens}
1104 2257 1238 2328 vulnus

174 2358 220 2428 ab
242 2376 282 2424 ea
304 2353 452 2444 aliquod
475 2354 648 2446 accipiat,
675 2365 717 2424 ut
737 2356 773 2427 in
799 2353 1057 2447 posterioribus
1085 2356 1235 2428 dicitur:

182 2458 368 2542 Vulnerata
386 2457 561 2524 charitatis
577 2477 625 2545 ego
638 2454 720 2541 sum.
773 2449 826 2525 Ea
841 2468 959 2526 autem
977 2452 1052 2526 slve
1074 2454 1116 2525 ab
1134 2475 1239 2549 ange·

174 2553 218 2627 lis
234 2552 302 2624 dici
323 2553 557 2645 accipiamus,
585 2575 605 2624 a
624 2554 752 2644 quibus
766 2552 801 2626 se
814 2552 934 2625 instrui
948 2552 1103 2644 postulat
1118 2554 1236 2624 &rnu-

174 2652 258 2742 uiri,
285 2653 373 2724 nihil
388 2652 574 2725 absurdum
588 2654 786 2746 videbitur,
812 2652 1004 2725 secundum
1023 2653 1109 2744 hoc,
1137 2652 1236 2743 quod

173 2753 219 2826 de
240 2755 379 2845 populo
395 2753 542 2825 dicitur:
572 2757 746 2823 Latomini
756 2771 863 2847 gentes
883 2777 950 2820 oum
968 2754 1166 2846 popeloejus,
1194 2752 1234 2827 δ’

172 2852 357 2945 confortent
379 2878 426 2924 eos
449 2869 553 2922 omnes
569 2856 671 2945 angeli
692 2857 766 2923 Dei.
817 2849 866 2924 lt
881 2868 922 2922 ut
944 2852 981 2924 in
996 2852 1070 2923 aliis
1086 2852 1233 2925 dicitur:

174 2955 356 3024 Orcumdat
375 2954 504 3046 angelus
526 2956 663 3023 Domini
680 2958 716 3022 in
730 2957 866 3023 circuitu
885 2956 1065 3021 timentium
1079 2974 1165 3039 eum,
1193 2957 1235 3029 σ

170 3060 286 3148 eripiet
307 3078 366 3126 eos.
416 3052 465 3126 lit
484 3053 571 3125 item
595 3053 694 3127 alibi:
725 3054 840 3125 Nolite
854 3058 1051 3122 iontemnere
1070 3076 1171 3120 unum
1194 3076 1249 3122 ex-

169 3159 314 3225 minimis
333 3153 417 3249 istis,
441 3157 553 3249 quiin
573 3154 797 3245 ecclefiosrtnt,
824 3160 901 3249 quia
915 3154 1020 3245 angeli
1036 3176 1138 3222 eorum
1154 3154 1234 3239 sem·

163 3273 222 3351 per
236 3254 350 3322 vident
361 3253 477 3341 faciem
489 3258 595 3347 patris
613 3257 675 3322 mei
684 3287 697 3341 ‚-
731 3258 789 3348 qui
803 3255 840 3319 in
854 3254 935 3319 colii
951 3252 1001 3345 esi.
1054 3251 1123 3322 Sed
1143 3250 1177 3323 δι
1193 3255 1231 3324 in

166 3352 391 3446 Apocalypsi
411 3349 561 3445 Joannis
584 3354 713 3448 angelo
738 3351 964 3443 Thyatirenis
990 3350 1232 3425 testimonium

167 3451 230 3524 dat
246 3450 339 3524 filius
359 3449 427 3522 Dei
450 3472 519 3544 pro
535 3451 730 3540 charitate,
758 3473 861 3544 quam
884 3452 1067 3522 ordinavit
1084 3454 1231 3545 angelus

166 3549 240 3642 ipse
258 3553 294 3623 in
310 3548 457 3624 ecclesia
469 3551 529 3624 sibi
551 3549 742 3624 commissa.
792 3550 852 3623 Sic
869 3552 962 3622 enim
979 3549 1231 3641 scriptumest:

118 3713 125 3722 .
165 3652 240 3721 Scio
260 3671 350 3744 opero
365 3667 421 3722 tuo
436 3649 476 3727 dt
493 3650 682 3720 charitatem
697 3666 805 3738 tuom,
839 3647 877 3726 (5
886 3652 982 3739 fidem
1003 3649 1041 3724 ss
1059 3651 1232 3745 ministeri.

165 3774 240 3838 um,
267 3749 306 3825 (5
323 3755 538 3845 patientiam,
564 3748 604 3824 U
623 3771 714 3845 opero
735 3766 794 3821 tuo
809 3747 978 3839 noviffimo
995 3753 1114 3847 majora
1133 3775 1229 3846 quom

161 3855 281 3947 priora.
331 3847 402 3923 Sed
417 3849 479 3923 etfi
494 3847 538 3922 ad
552 3851 749 3942 prophetas
767 3851 843 3937 haec
857 3851 1067 3941 reseramus,
1095 3852 1154 3941 qui
1167 3852 1231 3924 mi·

163 3949 406 4026 nistraverunt
432 3950 582 4022 verbum
606 3947 679 4021 Dei
701 3966 783 4022 ante
800 3950 994 4023 adventum
1015 3950 1153 4042 sponsi,
1189 3965 1231 4024 ut

163 4068 230 4143 per
256 4048 413 4144 ipsorum
439 4046 637 4122 dolirinarn
670 4041 838 4142 videatur
866 4049 1011 4121 ecclesia
1042 4051 1138 4121 velle
1169 4072 1230 4121 or-

164 4149 284 4224 dinent
313 4147 446 4221 discere
480 4147 688 4239 charitatis,
737 4146 867 4241 idest,
915 4150 1136 4240 propheticis
1177 4153 1229 4221 in*

92 4257 99 4356 J
141 4246 248 4342 ,toul
270 4246 536 4342 voluminibus,
574 4266 653 4324 non
672 4246 857 4322 videbitur
880 4246 1079 4325 absurdum.
1142 4246 1226 4422 6Sled
