2734 4859
293 511 304 567 ³
441 543 813 624 nonrrrn
861 545 894 628 1.
1132 552 1203 651 351

136 695 359 808 fiquuntur,
384 706 633 786 &doffiffino
650 708 791 788 homini
803 705 1049 792 difficultetern
1066 717 1208 814 expofi.

87 861 95 904 ,ς
132 812 252 892 tionis
270 813 482 906 important,
508 809 697 904 quomodo
712 807 843 907 pollint
861 831 1063 914 congruere
1074 814 1204 896 Domi·

132 933 213 992 no:
247 914 296 986 Er
314 914 386 982 dixi
396 936 408 981 r
441 913 513 1005 Qui
531 934 563 983 es
580 912 760 985 dominarer
779 914 934 1001 Domine,
960 937 1021 988 ecre
1033 915 1134 1008 nestit
1153 920 1203 994 so.

132 1017 206 1118 ff.
256 1011 332 1114 Qui
352 1007 403 1085 est
428 1007 616 1107 sapientia,
658 1011 723 1108 qui
741 1007 794 1087 est
814 1010 928 1088 virtus
946 1012 1038 1112 Dei,
1070 1015 1108 1092 in
1124 1039 1200 1114 quo
1251 1063 1255 1068 -

129 1113 329 1214 plenitudo
346 1110 544 1185 divinitatis
559 1109 735 1186 inhabitat
751 1130 819 1183 cor
846 1113 1014 1208 oraliter,
1049 1137 1203 1210 quomo·

124 1213 187 1290 do
202 1213 286 1290 huic
303 1212 414 1305 aptari
427 1209 568 1306 potest:
596 1136 843 1311 Illescr‘oloqm'd>
853 1209 1083 1290 Sedocillud:
1110 1223 1201 1315 Quia

126 1317 267 1416 juveris
278 1312 417 1408 egestam,
444 1309 671 1386 interdicitur
681 1312 729 1407 ei,
755 1308 849 1408 quesr
864 1313 1200 1414 conbenerespon·

133 1415 244 1492 derit
294 1412 333 1486 si
346 1411 479 1486 etenim
493 1411 526 1485 ei
542 1410 631 1485 dicit
640 1410 836 1498 Dominus:
862 1412 1099 1498 Nolitedicere,
1123 1425 1201 1518 quia

126 1512 368 1617 invenissem,
394 1509 619 1586 manifestum
634 1509 698 1596 est,
722 1510 817 1608 quali
826 1523 904 1586 n'on
913 1513 1008 1589 bene
1018 1515 1202 1600 dicentem

131 1609 240 1693 fatue
251 1607 516 1709 reprehensum.
565 1609 655 1685 Haec
668 1608 763 1706 sunt,
789 1630 867 1706 quoe
882 1609 1201 1696 Salvatorividen·

131 1730 199 1791 tur
223 1733 302 1789 non
327 1711 540 1786 convenire.
589 1710 784 1804 superiore
807 1723 926 1789 autern
945 1711 1040 1790 sacili
1060 1717 1201 1798 intelle·

135 1813 199 1892 ἂν
213 1812 257 1889 ad
271 1831 353 1889 conr
368 1810 586 1887 reseruntur.
637 1809 772 1886 Dicere
786 1830 895 1904 vero,
911 1812 977 1889 alie
991 1811 1201 1913 superJere·

131 1913 222 2008 mle,
247 1914 314 1988 alis
329 1911 432 2007 super
445 1908 637 1985 Salvatore
649 1912 916 2005 interpretanda
928 1911 1013 2009 else,
1038 1919 1202 2013 nonpes·

130 2013 259 2093 srnlum
285 2011 346 2087 est
403 2009 475 2085 Sed
499 2010 557 2101 qui
579 2010 675 2084 bene
694 2007 883 2104 scripturas
900 2011 1002 2090 nosse
1019 2032 1198 2119 conatur,

131 2113 375 2191 vehementer
389 2110 427 2185 in
445 2107 514 2183 isto
526 2107 722 2186 tristabitur
739 2111 849 2207 loco,
875 2111 1023 2210 videns,
1038 2115 1101 2192 srb
1122 2139 1211 2196 uno·

131 2227 241 2291 textu
254 2211 426 2288 sermonis
441 2209 554 2283 dividi
570 2207 810 2304 intellectum,
836 2209 969 2288 odiri:
993 2215 1084 2311 herc,
1110 2238 1203 2313 quo·

131 2316 231 2391 niem
256 2313 397 2388 minore
416 2309 518 2403 sunt,
553 2329 632 2387 non
656 2312 886 2386 conveniunt
898 2311 1102 2414 Salvatori,
1137 2319 1199 2398 sed

134 2414 319 2513 Jeremiae:
353 2412 413 2485 illa
431 2428 548 2505 vero,
582 2411 751 2503 quoniam
765 2411 1015 2509 majoresunt,
1040 2437 1117 2492 non
1138 2422 1199 2518 Je-

132 2515 276 2607 rernioe,
302 2509 361 2585 sed
382 2509 535 2586 Christo.
588 2509 649 2583 Ob
664 2510 702 2584 id
719 2512 932 2587 concinnos
949 2515 993 2590 ad
1007 2515 1199 2611 Jeremiam

133 2612 273 2688 referre
286 2613 521 2688 tentabimus:
547 2609 621 2684 hoc
642 2610 711 2695 est,
738 2609 851 2702 drea,
877 2633 977 2707 que,
1004 2637 1113 2709 qounr
1125 2643 1199 2696 nra.
1271 2699 1276 2710 ι

131 2714 217 2808 jore
234 2711 320 2805 lint,
346 2711 516 2784 videntur
533 2709 783 2786 conditionem
802 2711 878 2805 ejus
900 2715 1088 2792 excedere.

213 2832 246 2905 7.
274 2810 491 2985 quicunque
512 2808 944 2906 alleoaccepit'verba,
970 2814 1108 2890 sumens
1119 2840 1197 2916 gra·

133 2913 220 2987 tiam
246 2932 296 2985 cae
312 2910 391 2985 estis
420 2908 577 3001 eloquii,
612 2906 752 2984 idcirco
774 2931 816 2985 ea
832 2914 984 3005 accipit,
1008 2928 1051 2987 ut
1064 2937 1196 3017 regna,

133 3024 332 3111 gentesque
358 3008 517 3083 eradicet
536 3022 644 3099 atque
664 3007 862 3086 subvertat.
912 3011 982 3086 Sed
1004 3035 1113 3107 quum
1129 3039 1198 3094 no·
1219 3091 1224 3104 ,
1285 3033 1295 3060 ⁸

134 3114 320 3189 minentur
335 3125 483 3206 gentes,
509 3106 686 3204 &regna,
713 3110 843 3203 omnis,
870 3111 929 3202 qui
946 3112 1067 3188 divina
1083 3122 1197 3196 verba

132 3211 305 3305 suscepit,
331 3211 422 3282 nolo
438 3230 519 3282 eum
536 3210 776 3304 corporaliter
792 3209 993 3307 intelligere
1009 3234 1133 3313 regna,
1160 3220 1196 3295 du

130 3324 278 3412 gentes,
312 3306 370 3383 sed
388 3308 614 3383 considerans
633 3311 765 3382 animas
782 3309 966 3390 hominurn
986 3333 1151 3418 regnatas
1174 3341 1197 3396 a

129 3425 308 3511 peccato,
337 3413 440 3504 juxta
463 3407 525 3503 id,
561 3409 660 3502 quod
679 3411 716 3482 in
733 3409 917 3503 Apostolo
932 3410 1099 3507 scriptum
1120 3417 1197 3497 estc

131 3517 215 3589 Non
241 3528 349 3606 regnet
372 3526 529 3606 peccatum
559 3512 595 3578 in
617 3509 717 3606 vestre
740 3513 868 3581 mortali
889 3533 1029 3608 corporet
1064 3519 1194 3594 videns

132 3632 279 3706 quoque
296 3610 423 3683 multas
447 3606 579 3701 specics
597 3608 821 3704 deliciorum,
848 3612 1059 3709 allegorizet
1071 3637 1196 3717 regna,

131 3711 167 3787 or
214 3728 315 3785 entes
346 3729 411 3804 per
441 3708 541 3782 varia
570 3707 719 3803 delicia,
755 3730 832 3803 quae
860 3711 1030 3789 humanas
1062 3723 1195 3795 animas

131 3733 387 3908 posuerunt.-
413 3808 537 3882 &haec
553 3825 693 3900 erunt,¹
708 3829 786 3903 qun
794 3813 998 3885 evellentur
1011 3819 1196 3909 atquesus·

128 3911 318 3987 fodientur
338 3932 358 3983 a
376 3906 597 3984 sermonibus
617 3908 710 4002 Dei,
737 3910 796 4003 qui
821 3912 894 3985 deti
908 3910 988 3987 sunt
1006 3915 1082 3991 slve
1098 3919 1197 4015 Jere·

129 4013 232 4107 miae,
270 4009 345 4085 srve
363 4009 499 4084 caeteris
518 4006 653 4085 laneis.
705 4007 858 4103 ltnfiet,
891 4016 1082 4109 utprinra,
1117 4040 1199 4111 qure

129 4134 209 4189 non
235 4110 453 4185 videbantur
477 4127 679 4206 congruere
702 4107 904 4210 Salvatori,
939 4113 982 4186 ad
1006 4115 1198 4211 Jeremiam

128 4214 354 4303 reserantur3
381 4210 415 4285 δι
434 4208 588 4288 secunde
602 4210 647 4286 eb
665 4229 738 4308 eo,
763 4212 825 4306 qui
842 4208 907 4288 scit
919 4208 1074 4315 figurare
1089 4215 1197 4319 dista,
