2734 4859
321 679 324 684 ·
409 620 791 742 'uonrnra
841 658 957 740 xrv.
1147 675 1222 758 552

159 817 660 920 cinnomannorum,
685 821 859 904 habetur:
884 829 962 900 Nm
984 821 1093 914 debui,
1118 848 1219 924 nuqua

158 921 263 993 rainu
281 925 363 992 mibi
374 928 548 1022 quisquam.
600 924 763 1021 Oportet
786 924 945 1023 igitur&
967 924 1030 1021 id,
1063 923 1163 1018 quod
1179 926 1218 1002 in

159 1018 225 1094 usu
243 1018 319 1114 ast,
344 1035 451 1115 atque
467 1024 506 1098 in
521 1025 677 1100 ecclesiis
694 1025 823 1122 legitur
839 1043 1049 1118 exponere3
1075 1023 1215 1119 onoc,

162 1119 262 1210 quod
282 1121 321 1192 in
342 1121 490 1197 hebraeia
515 1124 699 1222 codicibus
716 1123 921 1217 invenitur,
945 1121 1117 1200 intastunr
1137 1144 1231 1201 non·

160 1223 354 1313 praeterire.
403 1221 615 1298 Praedicavit
627 1225 797 1321 Jeremias
809 1224 973 1299 mandata
986 1224 1130 1312 divina;
1155 1244 1219 1301 ne·

157 1338 221 1393 mo
246 1319 331 1413 bis,
370 1343 447 1414 quae
478 1326 713 1419 pradicantur
745 1324 910 1399 attendit.
969 1325 1218 1426 Quamobrem

159 1418 255 1511 quast
276 1419 436 1496 medicus
456 1424 572 1500 iibens
602 1447 644 1500 ac
666 1437 855 1523 promptus
882 1423 1116 1499 medicamina
1142 1427 1219 1498 lan·

157 1519 351 1615 guentibus
372 1523 525 1620 tribuit,
557 1526 593 1599 u
612 1528 683 1602 iilis
708 1546 786 1600 non
809 1521 1002 1600 secundum
1026 1521 1218 1600 artificium

159 1619 314 1712 curatis,
339 1617 398 1695 sed
416 1622 521 1715 juxta
541 1629 769 1701 voluntatem
789 1623 883 1700 suam
901 1623 1088 1723 agentibus
1104 1622 1215 1696 dicit:
1292 1667 1295 1672 ·

160 1721 240 1792 Non
250 1717 379 1816 profui,
404 1746 446 1795 oe
466 1726 916 1844 ueprofuirmibiquispuom.
968 1717 1224 1824 Qu6danrmo=

159 1818 210 1892 do
229 1820 323 1894 enirn
346 1751 563 1900 benaiciunr
580 1825 811 1920 consequitur
823 1824 923 1920 ipse,
956 1824 1015 1915 qui
1034 1835 1164 1916 curat,
1188 1819 1217 1898 sr

157 1915 311 1993 frustum
331 1918 381 1994 sui
403 1922 538 2004 laboris
558 1927 596 2000 in
613 1949 642 2000 ae
684 1936 813 1999 otante
835 1922 1060 2018 conspiciat,
1095 1921 1132 1997 dr
1148 1940 1216 2018 per

155 2018 314 2094 laetitiam
331 2023 461 2097 mentis
471 2026 578 2100 etiam
596 2025 633 2119 ip
649 2049 669 2101 e
683 2025 914 2118 consequitur
927 2021 1139 2117 utilitatem,
1165 2018 1217 2096 sa·

157 2117 315 2193 cundum
334 2119 444 2216 iliud,
470 2125 569 2218 quod
593 2126 748 2201 dicitur:
772 2128 912 2212 Βιττττ,
937 2126 995 2220 qai
1013 2120 1155 2223 sequitur
1175 2124 1215 2194 in
1262 2171 1264 2176 -

156 2220 473 2300 disertissimum.
523 2225 629 2300 Hanc
643 2226 751 2323 igitur
768 2223 979 2317 utilitatem,
1005 2241 1108 2318 quarn
1126 2240 1216 2298 con·

155 2316 313 2410 sequitur
336 2322 497 2419 magister
524 2327 569 2398 ab
594 2325 816 2400 auditoribus
838 2320 934 2414 suia,
967 2322 992 2396 ss
1017 2317 1214 2417 proficiant

157 2416 335 2492 audiendo
353 2471 365 2514 ,
399 2424 481 2497 dum
497 2422 631 2500 frusbus
646 2447 694 2500 ex
715 2423 825 2499 salute
838 2444 966 2498 eorum
982 2419 1213 2514 consequitur

155 2518 442 2609 quodammodo:
467 2524 656 2618 jeremias,
680 2523 829 2619 videns,
854 2523 899 2597 de
913 2522 1041 2624 Judaeja
1058 2541 1135 2596 non
1152 2520 1215 2596 ht·

157 2618 245 2690 bere
264 2614 324 2711 se,
350 2620 460 2694 dicit:
494 2629 575 2697 Non
589 2626 713 2721 profuit
731 2627 815 2697 mihi
835 2629 1010 2721 quisquan.
1059 2620 1097 2695 Si
1116 2621 1212 2696 enim

157 2717 269 2790 debet
283 2720 504 2796 auditoribus
517 2723 704 2816 prodesse,
731 2722 830 2816 quod
846 2725 1001 2818 loquor,
1026 2719 1212 2796 auditores

157 2836 284 2912 vero,
316 2839 392 2912 quae
416 2822 605 2916 dicuntur,
632 2825 827 2918 abjiciunt,
853 2820 975 2917 &ego
990 2820 1095 2895 dico:
1128 2823 1212 2893 Νττι

155 2916 284 3017 profui,
309 2945 408 3093 uepue
422 2923 551 3021 profuit
564 2925 646 2994 misai
658 2930 844 3024 quisquam
870 2922 952 3013 quia
968 2921 1061 2995 hanc
1072 2919 1211 3035 ‘utilitaj

157 3034 320 3093 temnon
356 3043 414 3096 urn
435 3021 669 3118 consecutus,
699 3041 803 3115 qoam
823 3016 1054 3113 consequitur
1069 3037 1120 3109 ra,
1148 3035 1211 3110 qtu

154 3119 282 3193 beatus
302 3119 484 3215 efficitur,
513 3123 597 3198 dum
620 3126 655 3198 in
679 3144 782 3198 aurea
799 3122 960 3215 loquitur
976 3117 1210 3196 audientium.

153 3216 279 3292 Potest
297 3233 415 3295 autem
433 3223 583 3297 &aliter
605 3222 766 3319 intelligi,
815 3220 1043 3393 (puicnmque
1061 3215 1211 3310 discipu·

154 3319 198 3391 lis
213 3322 394 3414 pracipit,
420 3321 503 3403 iste,
527 3324 552 3397 fi
574 3321 801 3420 ingeniosos,
882 3319 1057 3393 audientia
1072 3331 1211 3391 natura

154 3418 286 3491 habeat
306 3421 507 3516 auditores,
535 3436 670 3514 quanto
692 3422 778 3515 plan¹
793 3420 973 3513 precipit,
1000 3429 1105 3492 tanto
1127 3418 1209 3511 plua

153 3517 324 3613 proficit,
351 3520 418 3593 iliis
439 3522 763 3619 interrogantibus,
789 3519 884 3604 &de
902 3539 971 3612 eo,
996 3518 1093 3611 quod
1105 3517 1207 3612 dicit,

153 3617 244 3712 saepe
261 3624 522 3713 quarentibus,
547 3624 607 3715 qui
623 3622 665 3695 srt
682 3619 799 3696 sensus
811 3620 849 3693 in
868 3617 985 3709 disbo,
1012 3619 1072 3713 qui
1091 3618 1207 3711 ordo,

156 3737 234 3809 qua
253 3719 371 3814 scripti
391 3723 572 3797 voluntas.
630 3719 739 3796 Unde
764 3742 786 3794 e
809 3718 993 3793 contrario
1022 3718 1095 3792 nit:
1129 3721 1211 3792 nun

151 3818 283 3918 profui,
305 3845 403 3917 neque
418 3822 547 3921 profuit
572 3824 655 3892 misti
674 3826 839 3921 quispiam.

232 3941 267 4007 4.
294 3921 388 4019 Quia
405 3935 522 3996 autern
540 3921 572 3995 dr
588 3922 654 3995 aiia
671 3922 778 3996 nobis
793 3915 972 4013 expofitio
991 3913 1126 3990 refidua
1141 3911 1206 4008 est,

153 4033 306 4111 propter
331 4022 544 4117 exemplaria
564 4021 742 4114 certiora,
771 4016 958 4111 inquibus
980 4015 1207 4090 continetur:

154 4121 237 4191 Non
254 4115 358 4206 debui,
381 4145 478 4220 oeque
498 4121 602 4192 debuit
618 4123 700 4192 misai
714 4127 897 4219 quisquam,
922 4115 955 4190 ἅ
974 4114 1071 4191 hunc
1085 4113 1209 4194 locunt

153 4216 427 4295 consonemus.
476 4226 547 4316 Qui
563 4221 706 4293 omnum
726 4223 832 4292 omnia
851 4217 1015 4317 assitunt,¹
1039 4217 1093 4284 cui
1107 4209 1209 4283 utsii·

151 4321 206 4421 8⁰²
216 4372 228 4414 τ
255 4317 404 4417 vraiqo,
429 4328 478 4396 ‘m'
498 4329 661 4406 simum,
688 4324 850 4414 timorata,
872 4320 922 4394 tui
941 4314 1129 4402 tributura„
1144 4312 1217 4381 tri·

615 4419 712 4502 Mm
735 4442 765 4519 4
1043 4411 1217 4495 butum,
