2734 4859
397 609 768 758 aornim
817 669 1006 758 runt·
1143 659 1216 780 ει,

142 859 1213 917 μ...........-.---ι--........

383 953 754 1096 nouum
806 1011 972 1096 xvm.

87 1245 94 1288 3
149 1183 192 1258 ln
209 1182 330 1258 Istud:
370 1181 528 1270 Verbum,
553 1184 635 1278 quod
648 1179 777 1274 [auum
798 1182 871 1280 esta
889 1183 1031 1254 Domino
1050 1165 1092 1255 ui
1112 1185 1211 1284 Jere·
1270 1159 1273 1170 Ι

92 1293 94 1311 “
145 1292 266 1374 mium,
293 1286 423 1356 urens.-
455 1285 555 1378 Surge
571 1277 611 1360 ὅ
631 1283 771 1372 descende
793 1287 831 1356 in
853 1283 1088 1378 demumfiguii.
1139 1282 1211 1360 Ut·
1265 1315 1268 1323 ·

141 1382 145 1398 ’
247 1404 318 1480 que
340 1381 521 1468 adillud'r
555 1381 608 1454 Ar
625 1387 804 1480 poemerium
825 1399 943 1457 terram
956 1386 1049 1475 suam
1070 1389 1109 1455 im
1212 1442 1214 1446 .

222 1487 229 1494 '
558 1485 786 1574 desolationem.

142 1652 182 1718 t.
201 1651 329 1818 Duae
344 1647 536 1736 sequuntur
546 1644 705 1741 Jeremiae
720 1633 993 1738 visionemque
1003 1640 1102 1718 reue
1112 1641 1207 1734 sunt;

300 1766 447 1838 quarum
466 1747 579 1837 prima
600 1743 742 1836 quidem
760 1746 925 1818 continet
943 1765 1008 1837 ea,
1036 1764 1112 1839 quae
1126 1762 1208 1838 per·

143 1845 264 1919 tinent
281 1847 327 1920 ad
342 1851 408 1918 vau
421 1848 558 1920 luteum
571 1846 606 1917 in
619 1866 726 1918 manu
742 1841 842 1942 figuli
859 1843 982 1938 itum,
1004 1845 1104 1937 quod
1116 1865 1204 1918 con·

139 1947 266 2020 tritum
293 1942 393 2018 refici
420 1943 561 2041 potest,
588 1945 756 2024 siquidem
778 1943 1128 2040 potestreformari3
1156 1947 1203 2019 al·

139 2058 323 2144 teravero
340 2046 429 2136 visto
445 2045 494 2117 est
510 2046 554 2118 de
571 2044 653 2120 vase
667 2044 846 2138 testaceo,
866 2043 964 2136 quod
979 2043 1204 2122 confraiium

135 2143 241 2226 refici
259 2147 394 2239 nequit.
434 2144 604 2246 Quando
622 2145 717 2220 euim
733 2147 868 2217 luteum
889 2159 986 2227 erat,
1012 2144 1035 2219 s1
1052 2143 1202 2222 fratrum

134 2243 279 2333 fuisset,
314 2244 563 2337 quamvisjam
586 2245 780 2320 formatum
801 2242 942 2340 fuiiiet,
977 2245 1059 2337 quia
1080 2257 1200 2322 tamen

136 2347 276 2418 luteum
296 2359 400 2435 erat,
427 2344 602 2424 rursusin
617 2343 756 2419 massam
772 2343 881 2442 subigi
902 2343 1014 2418 altera
1030 2344 1113 2419 vice
1133 2366 1199 2438 po,
1232 2377 1235 2386 ·

135 2453 260 2539 terat',
289 2444 553 2519 &reformarit
586 2444 774 2539 postquam
792 2464 885 2518 vero
906 2466 951 2519 ex
973 2446 1075 2518 luteo
1096 2445 1199 2520 testa·

136 2566 240 2618 ceum
259 2544 388 2619 fuitum
407 2544 480 2642 est,
505 2549 657 2642 igneque
678 2541 917 2642 obduratum,
943 2557 1032 2619 tunc
1056 2546 1198 2621 confra-

135 2644 191 2718 &a
216 2644 304 2718 testa
333 2648 468 2719 nullum
497 2646 616 2740 potest
646 2645 805 2720 adhiberi
830 2645 1037 2720 remedium.
1097 2646 1198 2744 Quid

136 2745 215 2818 haec
239 2745 300 2819 srbi
324 2746 459 2836 veiint,
487 2748 584 2840 prius
603 2759 726 2820 mente
742 2744 1073 2839 apprehendamu83
1101 2746 1199 2818 dein.

133 2843 216 2937 de,
255 2845 280 2919 sr
313 2846 487 2938 licuerit,
520 2841 723 2920 iecundum
749 2845 906 2919 litteram
941 2845 1195 2938 expendamus.

134 2943 234 3028 Dum
255 2944 370 3020 sumus
386 2945 424 3018 in
446 2945 514 3018 hac
533 2945 637 3038 vita,
672 2944 897 3036 formamur,
931 2959 971 3017 ut
989 2943 1035 3019 stc
1058 2942 1197 3040 dicam,

134 3045 288 3138 propter
313 3046 384 3118 hoc
403 3047 539 3118 luteum
565 3067 628 3118 vas
649 3044 807 3118 nostrum
830 3041 987 3118 fluuium
1006 3063 1135 3137 more,
1163 3043 1198 3119 &

130 3145 331 3219 formamur
354 3147 413 3217 vel
436 3146 479 3218 ad
500 3146 698 3239 malitiam,
735 3148 794 3217 vel
819 3146 862 3217 ad
883 3145 1067 3221 virtutem.
1119 3145 1196 3218 Ve-

132 3265 212 3317 rum
227 3244 273 3317 fic
295 3245 515 3342 formamur,
539 3258 581 3317 ut
595 3244 675 3319 fieri
694 3244 798 3339 poffit
811 3244 845 3317 ἃ
860 3245 1028 3319 malitiam
1049 3246 1195 3322 conteri

130 3344 308 3438 nostram,
324 3359 377 3436 ¹ut
398 3342 462 3417 fiat
482 3367 582 3420 nova
602 3360 766 3418 creatura
783 3343 1030 3438 praestantior,
1057 3344 1196 3439 &pro-

128 3443 265 3541 greiius
290 3443 435 3518 nostros
456 3444 537 3539 post
555 3445 812 3521 formationem
840 3443 975 3518 resolvi
995 3445 1031 3516 in
1055 3447 1194 3523 luteum

127 3564 208 3620 vat.
260 3541 352 3619 Cum
366 3559 483 3619 autem
500 3545 678 3620 transatio
693 3546 766 3619 hoc
783 3544 911 3618 saeculo'
924 3544 969 3618 ud
987 3545 1073 3620 vitu
1086 3543 1196 3624 finem
1216 3554 1219 3564 “

86 3703 91 3718 .
128 3646 420 3738 pervenerimus,
447 3643 621 3741 &postea
639 3646 763 3744 igniti,
789 3647 851 3718 vel
869 3645 913 3719 ab
934 3645 1019 3743 igue¹
1038 3643 1191 3741 divino,

130 3743 421 3838 quandoquidem
440 3746 475 3817 δι
498 3751 585 3818 Deus
611 3751 698 3841 ignis
720 3742 901 3834 consumens
915 3745 974 3842 ιβ,
1002 3746 1123 3820 veleb
1140 3767 1196 3819 ar·

130 3844 290 3917 dentium
308 3845 448 3942 maligni
456 3845 659 3938 jaculorum
671 3848 754 3942 igne
768 3841 849 3919 fatti
860 3843 1052 3938 fuerimus,
1079 3845 1197 3939 quod·

128 3964 284 4033 cumque
301 3943 494 4037 fuerimus,
522 3966 602 4020 cum
613 3983 636 4040 ,·
652 3947 819 4038 inquam,
842 3945 905 4019 vel
924 3946 967 4020 ab
982 3945 1056 4019 hoc
1072 3945 1130 4020 vel
1148 3946 1192 4019 ab

127 4046 194 4118 illo
212 4041 376 4138 iguefaiti
399 4044 590 4139 fuerimus,
617 4044 869 4139 quodcumque
888 4043 1080 4137 fuerimus,
1103 4059 1194 4120 tunc

130 4146 154 4222 ti
177 4157 426 4238 conteramur,
451 4145 526 4219 five
540 4144 726 4240 postquam
748 4145 846 4218 bona
865 4144 948 4218 vasa
964 4147 1000 4219 in
1021 4143 1192 4235 salutem,

129 4246 205 4326 five
226 4241 412 4336 postquam
438 4245 528 4318 maia
551 4243 634 4320 vasa
656 4243 737 4319 faui
758 4244 931 4319 fuerimus
958 4245 994 4317 in
1021 4243 1195 4336 perditio·
1282 4269 1285 4276 ·

125 4365 230 4440 mem,
254 4364 331 4424 uon
344 4363 586 4444 renovamur,
610 4341 1211 4526 ffquestruummouxktm

545 4527 549 4532 ,
662 4468 680 4521 t
709 4469 734 4547 3
1070 4455 1192 4513 orem
