<?xml version="1.0" encoding="UTF-8"?>
<!DOCTYPE html PUBLIC "-//W3C//DTD XHTML 1.0 Transitional//EN"
    "http://www.w3.org/TR/xhtml1/DTD/xhtml1-transitional.dtd">
<html xmlns="http://www.w3.org/1999/xhtml" xml:lang="en" lang="en">
 <head>
  <title>
</title>
<meta http-equiv="Content-Type" content="text/html;charset=utf-8" />
  <meta name='ocr-system' content='tesseract 3.04.00' />
  <meta name='ocr-capabilities' content='ocr_page ocr_carea ocr_par ocr_line ocrx_word'/>
</head>
<body>
  <div class='ocr_page' id='page_1' title='image "./operaomniasanct06unkngoog_0499.png"; bbox 0 0 2734 4859; ppageno 0'>
   <div class='ocr_carea' id='block_1_1' title="bbox 387 611 1188 715">
    <p class='ocr_par' dir='ltr' id='par_1_1' title="bbox 387 611 1188 715">
     <span class='ocr_line' id='line_1_1' title="bbox 387 611 1188 715; baseline -0.002 -17"><span class='ocrx_word' id='word_1_1' title='bbox 387 615 762 698; x_wconf 84' lang='lat' dir='ltr'>HOMILIA</span> <span class='ocrx_word' id='word_1_2' title='bbox 810 611 930 698; x_wconf 84' lang='lat' dir='ltr'><strong>VIII.</strong></span> <span class='ocrx_word' id='word_1_3' title='bbox 1018 649 1022 664; x_wconf 90' lang='lat'>·</span> <span class='ocrx_word' id='word_1_4' title='bbox 1113 621 1188 715; x_wconf 72' lang='lat'>4⁶5</span> 
     </span>
    </p>
   </div>
   <div class='ocr_carea' id='block_1_2' title="bbox 108 776 1271 4369">
    <p class='ocr_par' dir='ltr' id='par_1_2' title="bbox 114 776 1271 2382">
     <span class='ocr_line' id='line_1_2' title="bbox 118 776 1256 881; baseline 0.004 -21"><span class='ocrx_word' id='word_1_5' title='bbox 118 777 283 860; x_wconf 76' lang='lat' dir='ltr'>dixissem</span> <span class='ocrx_word' id='word_1_6' title='bbox 309 776 446 858; x_wconf 81' lang='lat' dir='ltr'>fatuum</span> <span class='ocrx_word' id='word_1_7' title='bbox 461 780 563 876; x_wconf 90' lang='lat' dir='ltr'>Dei,</span> <span class='ocrx_word' id='word_1_8' title='bbox 590 780 777 874; x_wconf 88' lang='lat' dir='ltr'>quomodo</span> <span class='ocrx_word' id='word_1_9' title='bbox 804 797 963 876; x_wconf 82' lang='lat' dir='ltr'>aucupet</span> <span class='ocrx_word' id='word_1_10' title='bbox 981 776 1186 864; x_wconf 66' lang='lat' dir='ltr'>monum</span> <span class='ocrx_word' id='word_1_11' title='bbox 1254 878 1256 881; x_wconf 17' lang='lat'>¹</span> 
     </span>
     <span class='ocr_line' id='line_1_3' title="bbox 119 881 1185 979; baseline -0.002 -17"><span class='ocrx_word' id='word_1_12' title='bbox 119 904 310 979; x_wconf 82' lang='lat' dir='ltr'>aneorum,</span> <span class='ocrx_word' id='word_1_13' title='bbox 343 883 534 976; x_wconf 82' lang='lat' dir='ltr'>&amp;semper</span> <span class='ocrx_word' id='word_1_14' title='bbox 553 881 664 958; x_wconf 88' lang='lat' dir='ltr'>dediti</span> <span class='ocrx_word' id='word_1_15' title='bbox 686 882 729 956; x_wconf 91' lang='lat' dir='ltr'>ad</span> <span class='ocrx_word' id='word_1_16' title='bbox 756 881 1040 978; x_wconf 88' lang='lat' dir='ltr'>criminandum,</span> <span class='ocrx_word' id='word_1_17' title='bbox 1073 907 1185 960; x_wconf 85' lang='lat' dir='ltr'>vene·</span> 
     </span>
     <span class='ocr_line' id='line_1_4' title="bbox 120 979 1182 1080; baseline 0.001 -21"><span class='ocrx_word' id='word_1_18' title='bbox 120 999 225 1060; x_wconf 84' lang='lat' dir='ltr'>natas</span> <span class='ocrx_word' id='word_1_19' title='bbox 243 986 280 1058; x_wconf 88' lang='lat' dir='ltr'>iu</span> <span class='ocrx_word' id='word_1_20' title='bbox 301 1004 359 1058; x_wconf 89' lang='lat' dir='ltr'>me</span> <span class='ocrx_word' id='word_1_21' title='bbox 380 982 518 1080; x_wconf 81' lang='lat' dir='ltr'>linguas</span> <span class='ocrx_word' id='word_1_22' title='bbox 541 979 761 1058; x_wconf 71' lang='lat' dir='ltr'>vibrarent?</span> <span class='ocrx_word' id='word_1_23' title='bbox 796 981 907 1056; x_wconf 90' lang='lat' dir='ltr'>Nunc</span> <span class='ocrx_word' id='word_1_24' title='bbox 937 1003 1029 1057; x_wconf 87' lang='lat' dir='ltr'>vero</span> <span class='ocrx_word' id='word_1_25' title='bbox 1052 984 1182 1062; x_wconf 82' lang='lat' dir='ltr'>Paulus</span> 
     </span>
     <span class='ocr_line' id='line_1_5' title="bbox 121 1081 1180 1180; baseline 0.002 -20"><span class='ocrx_word' id='word_1_26' title='bbox 121 1083 218 1176; x_wconf 81' lang='lat' dir='ltr'>quati</span> <span class='ocrx_word' id='word_1_27' title='bbox 239 1083 402 1180; x_wconf 88' lang='lat' dir='ltr'>sapiens,</span> <span class='ocrx_word' id='word_1_28' title='bbox 438 1081 714 1178; x_wconf 85' lang='lat' dir='ltr'>&amp;potestatem</span> <span class='ocrx_word' id='word_1_29' title='bbox 747 1081 881 1158; x_wconf 88' lang='lat' dir='ltr'>habens</span> <span class='ocrx_word' id='word_1_30' title='bbox 917 1082 1180 1180; x_wconf 83' lang='lat' dir='ltr'>apostolicam,</span> 
     </span>
     <span class='ocr_line' id='line_1_6' title="bbox 120 1181 1183 1279; baseline 0.001 -21"><span class='ocrx_word' id='word_1_31' title='bbox 120 1181 225 1258; x_wconf 84' lang='lat' dir='ltr'>ausus</span> <span class='ocrx_word' id='word_1_32' title='bbox 247 1181 301 1268; x_wconf 82' lang='lat' dir='ltr'>est</span> <span class='ocrx_word' id='word_1_33' title='bbox 320 1183 461 1275; x_wconf 85' lang='lat' dir='ltr'>dicere,</span> <span class='ocrx_word' id='word_1_34' title='bbox 488 1204 631 1258; x_wconf 88' lang='lat' dir='ltr'>omnem</span> <span class='ocrx_word' id='word_1_35' title='bbox 651 1181 855 1276; x_wconf 86' lang='lat' dir='ltr'>sapientiam</span> <span class='ocrx_word' id='word_1_36' title='bbox 874 1198 1075 1279; x_wconf 82' lang='lat' dir='ltr'>terrenam,</span> <span class='ocrx_word' id='word_1_37' title='bbox 1103 1206 1183 1276; x_wconf 71' lang='lat' dir='ltr'>que</span> 
     </span>
     <span class='ocr_line' id='line_1_7' title="bbox 117 1281 1180 1379; baseline 0.002 -23"><span class='ocrx_word' id='word_1_38' title='bbox 117 1281 233 1372; x_wconf 85' lang='lat' dir='ltr'>inse,</span> <span class='ocrx_word' id='word_1_39' title='bbox 260 1304 337 1377; x_wconf 76' lang='lat' dir='ltr'>quar</span> <span class='ocrx_word' id='word_1_40' title='bbox 354 1283 391 1355; x_wconf 93' lang='lat' dir='ltr'>in</span> <span class='ocrx_word' id='word_1_41' title='bbox 409 1282 543 1376; x_wconf 90' lang='lat' dir='ltr'>Petro,</span> <span class='ocrx_word' id='word_1_42' title='bbox 570 1304 648 1375; x_wconf 84' lang='lat' dir='ltr'>quae</span> <span class='ocrx_word' id='word_1_43' title='bbox 663 1283 704 1356; x_wconf 88' lang='lat' dir='ltr'>in</span> <span class='ocrx_word' id='word_1_44' title='bbox 724 1285 860 1356; x_wconf 84' lang='lat' dir='ltr'>caeteris</span> <span class='ocrx_word' id='word_1_45' title='bbox 877 1282 1072 1376; x_wconf 85' lang='lat' dir='ltr'>apostolis,</span> <span class='ocrx_word' id='word_1_46' title='bbox 1100 1305 1180 1379; x_wconf 77' lang='lat' dir='ltr'>quae</span> 
     </span>
     <span class='ocr_line' id='line_1_8' title="bbox 115 1380 1179 1475; baseline 0.006 -19"><span class='ocrx_word' id='word_1_47' title='bbox 115 1384 160 1456; x_wconf 82' lang='lat' dir='ltr'>in</span> <span class='ocrx_word' id='word_1_48' title='bbox 186 1380 288 1460; x_wconf 89' lang='lat' dir='ltr'>istum</span> <span class='ocrx_word' id='word_1_49' title='bbox 314 1383 483 1459; x_wconf 88' lang='lat' dir='ltr'>mundum</span> <span class='ocrx_word' id='word_1_50' title='bbox 508 1381 764 1475; x_wconf 87' lang='lat' dir='ltr'>descenderat,</span> <span class='ocrx_word' id='word_1_51' title='bbox 796 1381 978 1457; x_wconf 82' lang='lat' dir='ltr'>stultitiam</span> <span class='ocrx_word' id='word_1_52' title='bbox 1003 1381 1073 1456; x_wconf 87' lang='lat' dir='ltr'>else</span> <span class='ocrx_word' id='word_1_53' title='bbox 1094 1383 1179 1463; x_wconf 82' lang='lat' dir='ltr'>uei.</span> 
     </span>
     <span class='ocr_line' id='line_1_9' title="bbox 116 1481 1180 1578; baseline -0.005 -18"><span class='ocrx_word' id='word_1_54' title='bbox 116 1481 182 1560; x_wconf 73' lang='lat' dir='ltr'>Ad</span> <span class='ocrx_word' id='word_1_55' title='bbox 197 1482 502 1576; x_wconf 83' lang='lat' dir='ltr'>comparationem</span> <span class='ocrx_word' id='word_1_56' title='bbox 521 1481 757 1578; x_wconf 82' lang='lat' dir='ltr'>quippeillius</span> <span class='ocrx_word' id='word_1_57' title='bbox 770 1482 965 1576; x_wconf 82' lang='lat' dir='ltr'>sapientiae,</span> <span class='ocrx_word' id='word_1_58' title='bbox 992 1498 1180 1575; x_wconf 75' lang='lat' dir='ltr'>quainter·</span> 
     </span>
     <span class='ocr_line' id='line_1_10' title="bbox 119 1581 1180 1677; baseline 0 -23"><span class='ocrx_word' id='word_1_59' title='bbox 119 1601 230 1656; x_wconf 85' lang='lat' dir='ltr'>renus</span> <span class='ocrx_word' id='word_1_60' title='bbox 251 1603 329 1658; x_wconf 89' lang='lat' dir='ltr'>non</span> <span class='ocrx_word' id='word_1_61' title='bbox 349 1584 445 1677; x_wconf 90' lang='lat' dir='ltr'>capit</span> <span class='ocrx_word' id='word_1_62' title='bbox 462 1584 566 1656; x_wconf 78' lang='lat' dir='ltr'>locus</span> <span class='ocrx_word' id='word_1_63' title='bbox 586 1582 630 1656; x_wconf 90' lang='lat' dir='ltr'>ad</span> <span class='ocrx_word' id='word_1_64' title='bbox 644 1581 741 1656; x_wconf 85' lang='lat' dir='ltr'>illam</span> <span class='ocrx_word' id='word_1_65' title='bbox 758 1581 985 1676; x_wconf 81' lang='lat' dir='ltr'>sapientiam,</span> <span class='ocrx_word' id='word_1_66' title='bbox 1012 1604 1090 1675; x_wconf 81' lang='lat' dir='ltr'>quae</span> <span class='ocrx_word' id='word_1_67' title='bbox 1108 1601 1180 1656; x_wconf 86' lang='lat' dir='ltr'>coe·</span> 
     </span>
     <span class='ocr_line' id='line_1_11' title="bbox 118 1677 1180 1778; baseline 0.001 -24"><span class='ocrx_word' id='word_1_68' title='bbox 118 1679 216 1754; x_wconf 87' lang='lat' dir='ltr'>lestis</span> <span class='ocrx_word' id='word_1_69' title='bbox 237 1681 306 1778; x_wconf 89' lang='lat' dir='ltr'>est,</span> <span class='ocrx_word' id='word_1_70' title='bbox 332 1703 410 1774; x_wconf 86' lang='lat' dir='ltr'>quae</span> <span class='ocrx_word' id='word_1_71' title='bbox 431 1682 554 1757; x_wconf 91' lang='lat' dir='ltr'>mundi</span> <span class='ocrx_word' id='word_1_72' title='bbox 575 1683 723 1758; x_wconf 87' lang='lat' dir='ltr'>limitem</span> <span class='ocrx_word' id='word_1_73' title='bbox 747 1683 911 1777; x_wconf 86' lang='lat' dir='ltr'>excedit,</span> <span class='ocrx_word' id='word_1_74' title='bbox 944 1682 1039 1776; x_wconf 92' lang='lat' dir='ltr'>hoc,</span> <span class='ocrx_word' id='word_1_75' title='bbox 1076 1677 1180 1773; x_wconf 89' lang='lat' dir='ltr'>quod</span> 
     </span>
     <span class='ocr_line' id='line_1_12' title="bbox 117 1777 1180 1877; baseline 0.005 -26"><span class='ocrx_word' id='word_1_76' title='bbox 117 1777 303 1856; x_wconf 85' lang='lat' dir='ltr'>descendit</span> <span class='ocrx_word' id='word_1_77' title='bbox 319 1783 362 1857; x_wconf 86' lang='lat' dir='ltr'>ad</span> <span class='ocrx_word' id='word_1_78' title='bbox 385 1783 577 1877; x_wconf 88' lang='lat' dir='ltr'>homines,</span> <span class='ocrx_word' id='word_1_79' title='bbox 609 1783 745 1856; x_wconf 87' lang='lat' dir='ltr'>fatuum</span> <span class='ocrx_word' id='word_1_80' title='bbox 771 1781 841 1856; x_wconf 89' lang='lat' dir='ltr'>Dei</span> <span class='ocrx_word' id='word_1_81' title='bbox 863 1782 924 1874; x_wconf 71' lang='lat' dir='ltr'>est,</span> <span class='ocrx_word' id='word_1_82' title='bbox 972 1781 1111 1856; x_wconf 89' lang='lat' dir='ltr'>Verum</span> <span class='ocrx_word' id='word_1_83' title='bbox 1131 1779 1180 1856; x_wconf 91' lang='lat' dir='ltr'>ad</span> 
     </span>
     <span class='ocr_line' id='line_1_13' title="bbox 114 1877 1177 1978; baseline 0.004 -27"><span class='ocrx_word' id='word_1_84' title='bbox 114 1877 232 1974; x_wconf 85' lang='lat' dir='ltr'>ipsum</span> <span class='ocrx_word' id='word_1_85' title='bbox 249 1881 388 1956; x_wconf 87' lang='lat' dir='ltr'>fatuum</span> <span class='ocrx_word' id='word_1_86' title='bbox 411 1882 481 1957; x_wconf 89' lang='lat' dir='ltr'>Dei</span> <span class='ocrx_word' id='word_1_87' title='bbox 505 1882 694 1978; x_wconf 84' lang='lat' dir='ltr'>sapientius</span> <span class='ocrx_word' id='word_1_88' title='bbox 714 1880 764 1956; x_wconf 90' lang='lat' dir='ltr'>est</span> <span class='ocrx_word' id='word_1_89' title='bbox 789 1878 1013 1956; x_wconf 88' lang='lat' dir='ltr'>hominibus:</span> <span class='ocrx_word' id='word_1_90' title='bbox 1047 1882 1177 1974; x_wconf 74' lang='lat' dir='ltr'>quibus</span> 
     </span>
     <span class='ocr_line' id='line_1_14' title="bbox 114 1977 1271 2076; baseline -0.003 -23"><span class='ocrx_word' id='word_1_91' title='bbox 114 1978 356 2056; x_wconf 74' lang='lat' dir='ltr'>hominibusi</span> <span class='ocrx_word' id='word_1_92' title='bbox 382 1981 471 2056; x_wconf 90' lang='lat' dir='ltr'>Non</span> <span class='ocrx_word' id='word_1_93' title='bbox 488 1983 613 2075; x_wconf 92' lang='lat' dir='ltr'>utique</span> <span class='ocrx_word' id='word_1_94' title='bbox 630 1982 767 2076; x_wconf 87' lang='lat' dir='ltr'>stultis,</span> <span class='ocrx_word' id='word_1_95' title='bbox 794 1980 852 2056; x_wconf 90' lang='lat' dir='ltr'>scd</span> <span class='ocrx_word' id='word_1_96' title='bbox 871 1977 1102 2074; x_wconf 83' lang='lat' dir='ltr'>sapientibus:</span> <span class='ocrx_word' id='word_1_97' title='bbox 1123 1980 1181 2054; x_wconf 66' lang='lat' dir='ltr'>dl-</span> <span class='ocrx_word' id='word_1_98' title='bbox 1267 2023 1271 2030; x_wconf 94' lang='lat'>-</span> 
     </span>
     <span class='ocr_line' id='line_1_15' title="bbox 117 2075 1264 2175; baseline 0.004 -24"><span class='ocrx_word' id='word_1_99' title='bbox 117 2075 179 2151; x_wconf 84' lang='lat' dir='ltr'>&#39;cas</span> <span class='ocrx_word' id='word_1_100' title='bbox 195 2080 283 2154; x_wconf 92' lang='lat' dir='ltr'>licet</span> <span class='ocrx_word' id='word_1_101' title='bbox 305 2077 338 2156; x_wconf 90' lang='lat' dir='ltr'>sa</span> <span class='ocrx_word' id='word_1_102' title='bbox 363 2082 477 2156; x_wconf 87' lang='lat' dir='ltr'>lentes</span> <span class='ocrx_word' id='word_1_103' title='bbox 496 2080 610 2156; x_wconf 83' lang='lat' dir='ltr'>saeculi</span> <span class='ocrx_word' id='word_1_104' title='bbox 627 2081 749 2175; x_wconf 88' lang='lat' dir='ltr'>istius,</span> <span class='ocrx_word' id='word_1_105' title='bbox 775 2079 848 2156; x_wconf 89' lang='lat' dir='ltr'>srve</span> <span class='ocrx_word' id='word_1_106' title='bbox 870 2079 1073 2175; x_wconf 88' lang='lat' dir='ltr'>principes,</span> <span class='ocrx_word' id='word_1_107' title='bbox 1099 2079 1179 2156; x_wconf 76' lang='lat' dir='ltr'>five</span> <span class='ocrx_word' id='word_1_108' title='bbox 1253 2097 1264 2121; x_wconf 88' lang='lat'><strong><em>‘</em></strong></span> 
     </span>
     <span class='ocr_line' id='line_1_16' title="bbox 117 2103 1206 2278; baseline 0.01 -31"><span class='ocrx_word' id='word_1_109' title='bbox 117 2191 226 2252; x_wconf 85' lang='lat' dir='ltr'>vates</span> <span class='ocrx_word' id='word_1_110' title='bbox 240 2180 310 2255; x_wconf 87' lang='lat' dir='ltr'>istis</span> <span class='ocrx_word' id='word_1_111' title='bbox 328 2103 541 2278; x_wconf 47' lang='lat' dir='ltr'>&amp;psentibus</span> <span class='ocrx_word' id='word_1_112' title='bbox 557 2181 686 2277; x_wconf 81' lang='lat' dir='ltr'>saculi,</span> <span class='ocrx_word' id='word_1_113' title='bbox 707 2181 795 2277; x_wconf 88' lang='lat' dir='ltr'>hoe,</span> <span class='ocrx_word' id='word_1_114' title='bbox 817 2181 916 2276; x_wconf 87' lang='lat' dir='ltr'>quod</span> <span class='ocrx_word' id='word_1_115' title='bbox 932 2177 1177 2276; x_wconf 79' lang='lat' dir='ltr'>exposuimus,</span> <span class='ocrx_word' id='word_1_116' title='bbox 1204 2225 1206 2230; x_wconf 93' lang='lat'>-</span> 
     </span>
     <span class='ocr_line' id='line_1_17' title="bbox 124 2281 828 2382; baseline 0.006 -32"><span class='ocrx_word' id='word_1_117' title='bbox 124 2281 265 2350; x_wconf 67' lang='lat' dir='ltr'>birinum</span> <span class='ocrx_word' id='word_1_118' title='bbox 280 2283 345 2352; x_wconf 81' lang='lat' dir='ltr'>Dei</span> <span class='ocrx_word' id='word_1_119' title='bbox 357 2284 525 2382; x_wconf 69' lang='lat' dir='ltr'>sapientius</span> <span class='ocrx_word' id='word_1_120' title='bbox 541 2286 581 2382; x_wconf 66' lang='lat' dir='ltr'>als</span> <span class='ocrx_word' id='word_1_121' title='bbox 595 2281 787 2358; x_wconf 70' lang='lat' dir='ltr'>bominibus.</span> <span class='ocrx_word' id='word_1_122' title='bbox 825 2371 828 2378; x_wconf 27' lang='grc' dir='ltr'>Ι</span> 
     </span>
    </p>

    <p class='ocr_par' dir='ltr' id='par_1_3' title="bbox 108 2371 1271 4369">
     <span class='ocr_line' id='line_1_18' title="bbox 194 2371 1178 2476; baseline 0.003 -24"><span class='ocrx_word' id='word_1_123' title='bbox 194 2403 228 2476; x_wconf 86' lang='lat'>9.</span> <span class='ocrx_word' id='word_1_124' title='bbox 253 2379 420 2456; x_wconf 87' lang='lat' dir='ltr'>Mirabile</span> <span class='ocrx_word' id='word_1_125' title='bbox 438 2380 603 2476; x_wconf 85' lang='lat' dir='ltr'>quiddam</span> <span class='ocrx_word' id='word_1_126' title='bbox 622 2385 789 2458; x_wconf 86' lang='lat' dir='ltr'>volumus</span> <span class='ocrx_word' id='word_1_127' title='bbox 807 2371 980 2457; x_wconf 80' lang='lat' dir='ltr'>inserere:</span> <span class='ocrx_word' id='word_1_128' title='bbox 1005 2371 1178 2471; x_wconf 81' lang='lat' dir='ltr'>quoniam</span> 
     </span>
     <span class='ocr_line' id='line_1_19' title="bbox 108 2469 1177 2584; baseline 0.006 -37"><span class='ocrx_word' id='word_1_129' title='bbox 108 2478 274 2578; x_wconf 55' lang='lat' dir='ltr'>ppetuu</span> <span class='ocrx_word' id='word_1_130' title='bbox 296 2484 408 2566; x_wconf 63' lang='lat' dir='ltr'>mmai</span> <span class='ocrx_word' id='word_1_131' title='bbox 426 2484 571 2583; x_wconf 70' lang='lat' dir='ltr'>puram</span> <span class='ocrx_word' id='word_1_132' title='bbox 595 2486 633 2584; x_wconf 73' lang='lat' dir='ltr'>ep</span> <span class='ocrx_word' id='word_1_133' title='bbox 658 2485 740 2581; x_wconf 75' lang='lat' dir='ltr'>apua</span> <span class='ocrx_word' id='word_1_134' title='bbox 770 2469 893 2565; x_wconf 64' lang='lat' dir='ltr'>oda,</span> <span class='ocrx_word' id='word_1_135' title='bbox 928 2477 1177 2556; x_wconf 71' lang='lat' dir='ltr'>&amp;infatuavit</span> 
     </span>
     <span class='ocr_line' id='line_1_20' title="bbox 115 2569 1178 2680; baseline 0.003 -30"><span class='ocrx_word' id='word_1_136' title='bbox 115 2577 218 2651; x_wconf 82' lang='lat' dir='ltr'>Deus</span> <span class='ocrx_word' id='word_1_137' title='bbox 237 2577 438 2674; x_wconf 87' lang='lat' dir='ltr'>sapientiam</span> <span class='ocrx_word' id='word_1_138' title='bbox 456 2583 598 2680; x_wconf 89' lang='lat' dir='ltr'>mundi,</span> <span class='ocrx_word' id='word_1_139' title='bbox 623 2606 700 2658; x_wconf 93' lang='lat' dir='ltr'>non</span> <span class='ocrx_word' id='word_1_140' title='bbox 717 2579 753 2660; x_wconf 90' lang='lat' dir='ltr'>in</span> <span class='ocrx_word' id='word_1_141' title='bbox 772 2575 941 2678; x_wconf 87' lang='lat' dir='ltr'>sapientia</span> <span class='ocrx_word' id='word_1_142' title='bbox 954 2569 1178 2662; x_wconf 84' lang='lat' dir='ltr'>suainsatua·</span> 
     </span>
     <span class='ocr_line' id='line_1_21' title="bbox 115 2675 1177 2779; baseline 0.009 -32"><span class='ocrx_word' id='word_1_143' title='bbox 115 2677 176 2748; x_wconf 82' lang='lat' dir='ltr'>uit</span> <span class='ocrx_word' id='word_1_144' title='bbox 197 2675 398 2776; x_wconf 85' lang='lat' dir='ltr'>sapientiam</span> <span class='ocrx_word' id='word_1_145' title='bbox 424 2685 567 2777; x_wconf 91' lang='lat' dir='ltr'>mundi,</span> <span class='ocrx_word' id='word_1_146' title='bbox 591 2707 661 2758; x_wconf 89' lang='lat' dir='ltr'>nec</span> <span class='ocrx_word' id='word_1_147' title='bbox 682 2677 803 2779; x_wconf 91' lang='lat' dir='ltr'>potest</span> <span class='ocrx_word' id='word_1_148' title='bbox 822 2696 951 2776; x_wconf 90' lang='lat' dir='ltr'>capere</span> <span class='ocrx_word' id='word_1_149' title='bbox 971 2677 1177 2774; x_wconf 82' lang='lat' dir='ltr'>sapientiam</span> 
     </span>
     <span class='ocr_line' id='line_1_22' title="bbox 116 2775 1176 2881; baseline 0.002 -30"><span class='ocrx_word' id='word_1_150' title='bbox 116 2778 259 2873; x_wconf 87' lang='lat' dir='ltr'>mundi,</span> <span class='ocrx_word' id='word_1_151' title='bbox 288 2797 330 2854; x_wconf 94' lang='lat' dir='ltr'>ut</span> <span class='ocrx_word' id='word_1_152' title='bbox 353 2780 422 2856; x_wconf 80' lang='lat' dir='ltr'>else</span> <span class='ocrx_word' id='word_1_153' title='bbox 448 2782 594 2859; x_wconf 87' lang='lat' dir='ltr'>stultitia</span> <span class='ocrx_word' id='word_1_154' title='bbox 622 2797 799 2881; x_wconf 84' lang='lat' dir='ltr'>arguatur.</span> <span class='ocrx_word' id='word_1_155' title='bbox 850 2781 983 2873; x_wconf 87' lang='lat' dir='ltr'>Neque</span> <span class='ocrx_word' id='word_1_156' title='bbox 1003 2780 1098 2854; x_wconf 91' lang='lat' dir='ltr'>enim</span> <span class='ocrx_word' id='word_1_157' title='bbox 1124 2775 1176 2853; x_wconf 88' lang='lat' dir='ltr'>di·</span> 
     </span>
     <span class='ocr_line' id='line_1_23' title="bbox 116 2878 1176 2979; baseline 0.003 -30"><span class='ocrx_word' id='word_1_158' title='bbox 116 2891 246 2973; x_wconf 85' lang='lat' dir='ltr'>gnatur</span> <span class='ocrx_word' id='word_1_159' title='bbox 269 2878 438 2975; x_wconf 90' lang='lat' dir='ltr'>sapientia</span> <span class='ocrx_word' id='word_1_160' title='bbox 464 2884 559 2979; x_wconf 87' lang='lat' dir='ltr'>Dei,</span> <span class='ocrx_word' id='word_1_161' title='bbox 587 2885 630 2957; x_wconf 92' lang='lat' dir='ltr'>ad</span> <span class='ocrx_word' id='word_1_162' title='bbox 650 2884 772 2958; x_wconf 92' lang='lat' dir='ltr'>mundi</span> <span class='ocrx_word' id='word_1_163' title='bbox 793 2879 996 2976; x_wconf 88' lang='lat' dir='ltr'>sapientiam</span> <span class='ocrx_word' id='word_1_164' title='bbox 1020 2878 1176 2952; x_wconf 83' lang='lat' dir='ltr'>convin-</span> 
     </span>
     <span class='ocr_line' id='line_1_24' title="bbox 114 2978 1176 3080; baseline 0.002 -31"><span class='ocrx_word' id='word_1_165' title='bbox 114 2978 265 3054; x_wconf 85' lang='lat' dir='ltr'>cendam</span> <span class='ocrx_word' id='word_1_166' title='bbox 282 2995 363 3055; x_wconf 89' lang='lat' dir='ltr'>tota</span> <span class='ocrx_word' id='word_1_167' title='bbox 381 2982 614 3079; x_wconf 85' lang='lat' dir='ltr'>descendere,</span> <span class='ocrx_word' id='word_1_168' title='bbox 641 2982 701 3058; x_wconf 89' lang='lat' dir='ltr'>sed</span> <span class='ocrx_word' id='word_1_169' title='bbox 718 2985 840 3080; x_wconf 91' lang='lat' dir='ltr'>potius</span> <span class='ocrx_word' id='word_1_170' title='bbox 855 2980 1058 3071; x_wconf 90' lang='lat' dir='ltr'>modicum,</span> <span class='ocrx_word' id='word_1_171' title='bbox 1078 2980 1176 3075; x_wconf 81' lang='lat' dir='ltr'>(hoc</span> 
     </span>
     <span class='ocr_line' id='line_1_25' title="bbox 112 3075 1180 3178; baseline -0.002 -28"><span class='ocrx_word' id='word_1_172' title='bbox 112 3075 168 3150; x_wconf 85' lang='lat' dir='ltr'>est</span> <span class='ocrx_word' id='word_1_173' title='bbox 182 3077 435 3157; x_wconf 84' lang='lat' dir='ltr'>incarnationis</span> <span class='ocrx_word' id='word_1_174' title='bbox 450 3081 725 3178; x_wconf 88' lang='lat' dir='ltr'>sacramentum)</span> <span class='ocrx_word' id='word_1_175' title='bbox 748 3082 831 3175; x_wconf 91' lang='lat' dir='ltr'>quid</span> <span class='ocrx_word' id='word_1_176' title='bbox 850 3078 1079 3154; x_wconf 83' lang='lat' dir='ltr'>necessarium</span> <span class='ocrx_word' id='word_1_177' title='bbox 1090 3075 1180 3172; x_wconf 81' lang='lat' dir='ltr'>suit,</span> 
     </span>
     <span class='ocr_line' id='line_1_26' title="bbox 113 3175 1271 3279; baseline -0.002 -29"><span class='ocrx_word' id='word_1_178' title='bbox 113 3179 215 3269; x_wconf 89' lang='lat' dir='ltr'>quod</span> <span class='ocrx_word' id='word_1_179' title='bbox 238 3180 376 3261; x_wconf 84' lang='lat' dir='ltr'>satuunr</span> <span class='ocrx_word' id='word_1_180' title='bbox 394 3183 462 3257; x_wconf 89' lang='lat' dir='ltr'>Dei</span> <span class='ocrx_word' id='word_1_181' title='bbox 484 3198 589 3279; x_wconf 86' lang='lat' dir='ltr'>erat,</span> <span class='ocrx_word' id='word_1_182' title='bbox 622 3197 664 3256; x_wconf 90' lang='lat' dir='ltr'>ut</span> <span class='ocrx_word' id='word_1_183' title='bbox 686 3185 759 3257; x_wconf 91' lang='lat' dir='ltr'>boc</span> <span class='ocrx_word' id='word_1_184' title='bbox 776 3199 893 3275; x_wconf 82' lang='lat' dir='ltr'>parvo</span> <span class='ocrx_word' id='word_1_185' title='bbox 916 3180 950 3253; x_wconf 77' lang='lat' dir='ltr'>u</span> <span class='ocrx_word' id='word_1_186' title='bbox 976 3180 1077 3252; x_wconf 84' lang='lat' dir='ltr'>fatuo</span> <span class='ocrx_word' id='word_1_187' title='bbox 1103 3175 1176 3250; x_wconf 87' lang='lat' dir='ltr'>Dei</span> <span class='ocrx_word' id='word_1_188' title='bbox 1269 3257 1271 3264; x_wconf 23' lang='lat'>¹</span> 
     </span>
     <span class='ocr_line' id='line_1_27' title="bbox 112 3274 1214 3375; baseline -0.005 -28"><span class='ocrx_word' id='word_1_189' title='bbox 112 3275 351 3354; x_wconf 83' lang='lat' dir='ltr'>infatuaretur</span> <span class='ocrx_word' id='word_1_190' title='bbox 365 3283 478 3356; x_wconf 87' lang='lat' dir='ltr'>saeculi</span> <span class='ocrx_word' id='word_1_191' title='bbox 496 3279 673 3375; x_wconf 88' lang='lat' dir='ltr'>sapientia.</span> <span class='ocrx_word' id='word_1_192' title='bbox 727 3281 815 3354; x_wconf 92' lang='lat' dir='ltr'>Non</span> <span class='ocrx_word' id='word_1_193' title='bbox 839 3280 933 3353; x_wconf 92' lang='lat' dir='ltr'>enim</span> <span class='ocrx_word' id='word_1_194' title='bbox 954 3279 1099 3352; x_wconf 86' lang='lat' dir='ltr'>valebat</span> <span class='ocrx_word' id='word_1_195' title='bbox 1117 3274 1181 3350; x_wconf 83' lang='lat' dir='ltr'>sae-</span> <span class='ocrx_word' id='word_1_196' title='bbox 1212 3331 1214 3342; x_wconf 92' lang='lat'><em>.</em></span> 
     </span>
     <span class='ocr_line' id='line_1_28' title="bbox 114 3376 1179 3481; baseline 0.002 -33"><span class='ocrx_word' id='word_1_197' title='bbox 114 3379 187 3450; x_wconf 89' lang='lat' dir='ltr'>culi</span> <span class='ocrx_word' id='word_1_198' title='bbox 204 3377 391 3474; x_wconf 82' lang='lat' dir='ltr'>sapientia,</span> <span class='ocrx_word' id='word_1_199' title='bbox 416 3384 695 3481; x_wconf 81' lang='lat' dir='ltr'>magnitudinem</span> <span class='ocrx_word' id='word_1_200' title='bbox 712 3382 749 3453; x_wconf 91' lang='lat' dir='ltr'>in</span> <span class='ocrx_word' id='word_1_201' title='bbox 764 3379 799 3454; x_wconf 92' lang='lat' dir='ltr'>se</span> <span class='ocrx_word' id='word_1_202' title='bbox 814 3379 994 3454; x_wconf 84' lang='lat' dir='ltr'>venientis</span> <span class='ocrx_word' id='word_1_203' title='bbox 1007 3376 1179 3451; x_wconf 80' lang='lat' dir='ltr'>sullinere</span> 
     </span>
     <span class='ocr_line' id='line_1_29' title="bbox 112 3474 1176 3580; baseline 0 -32"><span class='ocrx_word' id='word_1_204' title='bbox 112 3474 302 3569; x_wconf 78' lang='lat' dir='ltr'>sapientia.</span> <span class='ocrx_word' id='word_1_205' title='bbox 354 3483 492 3558; x_wconf 89' lang='lat' dir='ltr'>Verum</span> <span class='ocrx_word' id='word_1_206' title='bbox 506 3481 708 3580; x_wconf 82' lang='lat' dir='ltr'>exemplum</span> <span class='ocrx_word' id='word_1_207' title='bbox 725 3482 1018 3574; x_wconf 89' lang='lat' dir='ltr'>interponamus,</span> <span class='ocrx_word' id='word_1_208' title='bbox 1043 3489 1087 3551; x_wconf 92' lang='lat' dir='ltr'>ut</span> <span class='ocrx_word' id='word_1_209' title='bbox 1097 3489 1176 3572; x_wconf 83' lang='lat' dir='ltr'>per·</span> 
     </span>
     <span class='ocr_line' id='line_1_30' title="bbox 112 3576 1178 3682; baseline 0.003 -33"><span class='ocrx_word' id='word_1_210' title='bbox 112 3576 234 3669; x_wconf 91' lang='lat' dir='ltr'>spicue</span> <span class='ocrx_word' id='word_1_211' title='bbox 257 3580 362 3674; x_wconf 86' lang='lat' dir='ltr'>polsrt</span> <span class='ocrx_word' id='word_1_212' title='bbox 378 3582 550 3682; x_wconf 84' lang='lat' dir='ltr'>intelligi,</span> <span class='ocrx_word' id='word_1_213' title='bbox 577 3582 766 3676; x_wconf 88' lang='lat' dir='ltr'>quomodo</span> <span class='ocrx_word' id='word_1_214' title='bbox 789 3579 927 3656; x_wconf 85' lang='lat' dir='ltr'>fatuum</span> <span class='ocrx_word' id='word_1_215' title='bbox 948 3577 1018 3652; x_wconf 88' lang='lat' dir='ltr'>Dei</span> <span class='ocrx_word' id='word_1_216' title='bbox 1034 3577 1178 3652; x_wconf 78' lang='lat' dir='ltr'>stultam</span> 
     </span>
     <span class='ocr_line' id='line_1_31' title="bbox 112 3671 1179 3778; baseline 0.005 -30"><span class='ocrx_word' id='word_1_217' title='bbox 112 3676 244 3753; x_wconf 82' lang='lat' dir='ltr'>fecerit</span> <span class='ocrx_word' id='word_1_218' title='bbox 264 3681 470 3776; x_wconf 90' lang='lat' dir='ltr'>sapientiam</span> <span class='ocrx_word' id='word_1_219' title='bbox 489 3685 638 3760; x_wconf 87' lang='lat' dir='ltr'>mundi:</span> <span class='ocrx_word' id='word_1_220' title='bbox 664 3679 794 3778; x_wconf 87' lang='lat' dir='ltr'>fingam</span> <span class='ocrx_word' id='word_1_221' title='bbox 814 3678 989 3776; x_wconf 87' lang='lat' dir='ltr'>paulisper</span> <span class='ocrx_word' id='word_1_222' title='bbox 1009 3699 1087 3770; x_wconf 87' lang='lat' dir='ltr'>me,</span> <span class='ocrx_word' id='word_1_223' title='bbox 1113 3671 1179 3770; x_wconf 87' lang='lat' dir='ltr'>qui</span> 
     </span>
     <span class='ocr_line' id='line_1_32' title="bbox 114 3777 1179 3878; baseline 0.005 -31"><span class='ocrx_word' id='word_1_224' title='bbox 114 3779 245 3869; x_wconf 81' lang='lat' dir='ltr'>aliquid</span> <span class='ocrx_word' id='word_1_225' title='bbox 264 3797 374 3865; x_wconf 89' lang='lat' dir='ltr'>putor</span> <span class='ocrx_word' id='word_1_226' title='bbox 396 3781 494 3877; x_wconf 90' lang='lat' dir='ltr'>esse,</span> <span class='ocrx_word' id='word_1_227' title='bbox 521 3803 602 3860; x_wconf 85' lang='lat' dir='ltr'>curn</span> <span class='ocrx_word' id='word_1_228' title='bbox 620 3782 808 3878; x_wconf 79' lang='lat' dir='ltr'>insipiente</span> <span class='ocrx_word' id='word_1_229' title='bbox 827 3780 972 3870; x_wconf 81' lang='lat' dir='ltr'>aliquo,</span> <span class='ocrx_word' id='word_1_230' title='bbox 1005 3779 1040 3852; x_wconf 83' lang='lat' dir='ltr'>dt</span> <span class='ocrx_word' id='word_1_231' title='bbox 1059 3777 1179 3852; x_wconf 79' lang='lat' dir='ltr'>ineru-</span> 
     </span>
     <span class='ocr_line' id='line_1_33' title="bbox 116 3869 1251 3976; baseline 0.002 -28"><span class='ocrx_word' id='word_1_232' title='bbox 116 3871 193 3948; x_wconf 82' lang='lat' dir='ltr'>dito</span> <span class='ocrx_word' id='word_1_233' title='bbox 222 3880 390 3955; x_wconf 82' lang='lat' dir='ltr'>conferre</span> <span class='ocrx_word' id='word_1_234' title='bbox 408 3880 628 3976; x_wconf 88' lang='lat' dir='ltr'>sermonem,</span> <span class='ocrx_word' id='word_1_235' title='bbox 660 3883 722 3974; x_wconf 90' lang='lat' dir='ltr'>qui</span> <span class='ocrx_word' id='word_1_236' title='bbox 747 3881 834 3956; x_wconf 88' lang='lat' dir='ltr'>nihil</span> <span class='ocrx_word' id='word_1_237' title='bbox 857 3881 1055 3976; x_wconf 71' lang='lat' dir='ltr'>intelligat,</span> <span class='ocrx_word' id='word_1_238' title='bbox 1087 3869 1181 3951; x_wconf 85' lang='lat' dir='ltr'>ninii</span> <span class='ocrx_word' id='word_1_239' title='bbox 1249 3950 1251 3958; x_wconf 84' lang='grc'><strong>,</strong></span> 
     </span>
     <span class='ocr_line' id='line_1_34' title="bbox 116 3977 1181 4078; baseline 0 -28"><span class='ocrx_word' id='word_1_240' title='bbox 116 3985 232 4043; x_wconf 76' lang='lat' dir='ltr'>ucutae</span> <span class='ocrx_word' id='word_1_241' title='bbox 250 3977 495 4072; x_wconf 87' lang='lat' dir='ltr'>disputationis</span> <span class='ocrx_word' id='word_1_242' title='bbox 521 3985 747 4078; x_wconf 86' lang='lat' dir='ltr'>interroget;</span> <span class='ocrx_word' id='word_1_243' title='bbox 782 3995 868 4053; x_wconf 90' lang='lat' dir='ltr'>num</span> <span class='ocrx_word' id='word_1_244' title='bbox 892 3980 1058 4072; x_wconf 86' lang='lat' dir='ltr'>quidnam</span> <span class='ocrx_word' id='word_1_245' title='bbox 1082 3987 1181 4070; x_wconf 73' lang='lat' dir='ltr'>opus</span> 
     </span>
     <span class='ocr_line' id='line_1_35' title="bbox 116 4069 1182 4174; baseline 0 -26"><span class='ocrx_word' id='word_1_246' title='bbox 116 4072 203 4148; x_wconf 87' lang='lat' dir='ltr'>mibi</span> <span class='ocrx_word' id='word_1_247' title='bbox 224 4069 275 4144; x_wconf 87' lang='lat' dir='ltr'>est</span> <span class='ocrx_word' id='word_1_248' title='bbox 300 4079 339 4143; x_wconf 82' lang='lat' dir='ltr'>ad</span> <span class='ocrx_word' id='word_1_249' title='bbox 360 4082 452 4155; x_wconf 83' lang='lat' dir='ltr'>illius</span> <span class='ocrx_word' id='word_1_250' title='bbox 479 4082 660 4155; x_wconf 88' lang='lat' dir='ltr'>stultitiam</span> <span class='ocrx_word' id='word_1_251' title='bbox 689 4080 927 4174; x_wconf 88' lang='lat' dir='ltr'>arguendam,</span> <span class='ocrx_word' id='word_1_252' title='bbox 961 4073 1182 4151; x_wconf 76' lang='lat' dir='ltr'>dialeblicarrt</span> 
     </span>
     <span class='ocr_line' id='line_1_36' title="bbox 118 4163 1180 4268; baseline -0.003 -23"><span class='ocrx_word' id='word_1_253' title='bbox 118 4172 374 4265; x_wconf 87' lang='lat' dir='ltr'>calliditatem,</span> <span class='ocrx_word' id='word_1_254' title='bbox 399 4181 708 4268; x_wconf 80' lang='lat' dir='ltr'>&amp;profundorum</span> <span class='ocrx_word' id='word_1_255' title='bbox 732 4176 891 4252; x_wconf 91' lang='lat' dir='ltr'>sensuum</span> <span class='ocrx_word' id='word_1_256' title='bbox 912 4195 1061 4252; x_wconf 88' lang='lat' dir='ltr'>acumen</span> <span class='ocrx_word' id='word_1_257' title='bbox 1082 4163 1180 4246; x_wconf 79' lang='lat' dir='ltr'>edhi-</span> 
     </span>
     <span class='ocr_line' id='line_1_37' title="bbox 119 4269 1186 4369; baseline 0.006 -21"><span class='ocrx_word' id='word_1_258' title='bbox 119 4269 231 4348; x_wconf 74' lang='lat' dir='ltr'>beres</span> <span class='ocrx_word' id='word_1_259' title='bbox 259 4271 397 4348; x_wconf 90' lang='lat' dir='ltr'>Nonne</span> <span class='ocrx_word' id='word_1_260' title='bbox 410 4276 453 4348; x_wconf 90' lang='lat' dir='ltr'>ad</span> <span class='ocrx_word' id='word_1_261' title='bbox 466 4278 569 4352; x_wconf 89' lang='lat' dir='ltr'>unius</span> <span class='ocrx_word' id='word_1_262' title='bbox 585 4278 795 4355; x_wconf 88' lang='lat' dir='ltr'>sermunculi</span> <span class='ocrx_word' id='word_1_263' title='bbox 807 4277 940 4369; x_wconf 70' lang='lat' dir='ltr'>jasium</span> <span class='ocrx_word' id='word_1_264' title='bbox 952 4276 1034 4354; x_wconf 70' lang='lat' dir='ltr'>vius</span> <span class='ocrx_word' id='word_1_265' title='bbox 1050 4271 1086 4348; x_wconf 77' lang='lat' dir='ltr'>dt</span> <span class='ocrx_word' id='word_1_266' title='bbox 1101 4285 1186 4353; x_wconf 63' lang='lat' dir='ltr'>mu«.</span> 
     </span>
    </p>
   </div>
   <div class='ocr_carea' id='block_1_3' title="bbox 168 4367 1247 4490">
    <p class='ocr_par' dir='ltr' id='par_1_4' title="bbox 168 4367 1247 4490">
     <span class='ocr_line' id='line_1_38' title="bbox 168 4367 1247 4490; baseline 0.014 -42"><span class='ocrx_word' id='word_1_267' title='bbox 168 4379 314 4480; x_wconf 71' lang='lat' dir='ltr'>origenis</span> <span class='ocrx_word' id='word_1_268' title='bbox 344 4371 431 4463; x_wconf 75' lang='grc' dir='ltr'>Τοιη,</span> <span class='ocrx_word' id='word_1_269' title='bbox 459 4378 529 4484; x_wconf 72' lang='lat' dir='ltr'>IX,</span> <span class='ocrx_word' id='word_1_270' title='bbox 729 4371 806 4490; x_wconf 52' lang='lat' dir='ltr'>GR</span> <span class='ocrx_word' id='word_1_271' title='bbox 1053 4367 1163 4474; x_wconf 48' lang='lat' dir='ltr'>&amp;iia</span> <span class='ocrx_word' id='word_1_272' title='bbox 1242 4379 1247 4387; x_wconf 57' lang='grc'><em>’</em></span> 
     </span>
    </p>
   </div>
   <div class='ocr_carea' id='block_1_4' title="bbox 0 0 1372 4859">
    <p class='ocr_par' dir='ltr' id='par_1_5' title="bbox 0 0 1372 4859">
     <span class='ocr_line' id='line_1_39' title="bbox 0 0 1372 4859; baseline 0 0"><span class='ocrx_word' id='word_1_273' title='bbox 0 0 1372 4859; x_wconf 95' lang='lat' dir='ltr'> </span> 
     </span>
    </p>
   </div>
  </div>
 </body>
</html>
