2734 4859
441 597 810 717 HOMIMA
857 596 908 681 V.
1040 604 1042 608 ’
1130 617 1203 702 407

143 755 223 852 dii,
246 753 307 833 sed
324 760 422 855 priua
439 762 603 840 homines
622 762 729 863 fuitse-
742 762 952 857 cenfentur,
977 757 1110 838 bisunt
1127 767 1203 840 col·

147 858 215 932 les.
265 857 425 960 Scientes
455 864 562 961 igitur
594 867 718 958 ambos
749 865 832 938 ilios
864 864 1007 939 ordines
1039 863 1200 960 adorati,

147 957 267 1031 ciunt:
298 962 379 1033 Vm
397 965 436 1034 io
456 966 650 1035 mendacium
668 982 765 1036 arant
785 964 869 1036 codes
881 963 920 1040 U
930 962 1093 1056 fortitudo
1112 987 1216 1035 m.

148 1061 247 1132 aient.
297 1055 409 1133 Nunc
422 1061 543 1161 enim,
571 1065 629 1155 qui
644 1061 707 1137 ista
723 1065 870 1155 colunt,
896 1083 972 1136 non
987 1045 1200 1156 fibipersua·

148 1154 239 1228 dent
272 1156 349 1230 haec
372 1157 441 1235 ess'e
469 1163 661 1240 mendacia.
722 1163 966 1264 Quamobrem
990 1162 1134 1234 oracula
1163 1160 1199 1235 ta

149 1256 354 1331 curationes
385 1278 489 1334 veras
519 1259 590 1336 eise
622 1259 842 1355 existimant,
877 1281 953 1335 non
985 1274 1196 1354 cernentes,

147 1368 319 1445 quantum
337 1359 453 1433 omnis
475 1361 587 1436 virtus
611 1382 691 1436 cum
703 1360 903 1459 signorum,
924 1373 1000 1434 tum
1014 1359 1198 1455 prodigio·

144 1469 225 1528 trun
249 1457 451 1554 mendacii,
487 1478 564 1552 quae
580 1464 617 1536 in
638 1462 735 1536 omni
757 1460 973 1553 deceptione
998 1457 1196 1553 iniquitatis

145 1547 239 1626 fiunt
247 1553 312 1648 iis,
335 1558 393 1648 qui
407 1559 580 1656 pereunt,
594 1558 748 1636 differat
758 1561 802 1633 ab
817 1561 916 1635 omni
929 1560 1064 1630 virtute
1080 1554 1198 1653 signo·

136 1651 283 1730 rum&
309 1656 553 1755 prodigiorum
576 1660 752 1736 veritatis.
808 1660 899 1760 Quae
917 1656 1011 1732 enim
1037 1652 1196 1729 Christus

144 1747 245 1845 Jesua
269 1752 450 1852 faciebat,
480 1758 557 1832 bec
581 1772 685 1833 erant
707 1757 802 1856 iigna
825 1756 1014 1844 veritatia3
1048 1754 1082 1828 dt
1111 1767 1197 1829 ante

142 1846 254 1941 ipsum
279 1855 447 1950 quidem,
477 1877 554 1949 quae
577 1856 734 1935 faciebat
756 1854 928 1960 Moyses,
953 1857 1069 1928 virtus
1092 1866 1196 1927 erant

140 1950 330 2027 veritatis:
355 1975 433 2047 quae
455 1977 548 2031 vero
567 1955 732 2055 AEgyptii
752 1954 953 2045 faciebant,
977 1952 1000 2026 sr
1027 1972 1072 2026 na
1094 1963 1197 2026 erant

143 2045 177 2160 bf
194 2050 356 2149 prodigia
379 2054 575 2130 mendaciit
599 2057 646 2131 fic
664 2056 796 2147 etiam,
821 2075 899 2147 quae
910 2050 992 2150 post
1002 1974 1123 2147 ffesum
1142 2049 1196 2125 fa·

141 2148 393 2226 crebatSimon
408 2174 551 2252 magus,
584 2171 787 2254 utgentem
802 2151 964 2228 Samaria
982 2148 1192 2244 deciperet,

140 2241 285 2340 ipseque
302 2252 417 2326 virtus
428 2251 499 2328 Dei
512 2252 581 2328 eise
595 2269 802 2357 putaretur,
826 2249 921 2425 ffina
938 2266 1039 2325 etant
1059 2248 1194 2343 &pro-

140 2345 234 2442 digia
253 2349 437 2429 mendacii.
486 2353 675 2447 Postquam
696 2355 804 2454 igitur
829 2351 837 2367 ‘
870 2351 1117 2443 areJ'ecimus,
1143 2348 1199 2421 dis

139 2446 275 2538 ciutt:
311 2455 392 2525 Vere
419 2456 455 2524 in
473 2456 663 2550 mordacium
690 2451 922 2542 tranantes,
963 2447 1003 2525 ὅ
1025 2447 1193 2545 fortitudo

140 2551 306 2621 monrium.
503 2557 508 2574 ¹

212 2667 248 2734 4.
270 2647 413 2723 Deinde
438 2672 533 2744 nos,
559 2654 619 2744 qui
639 2651 754 2729 sumus
779 2675 825 2726 ex
851 2651 1038 2751 gentibus,
1062 2646 1191 2725 scimus

138 2744 269 2820 delicto
289 2748 421 2823 israelis
438 2752 532 2825 viam
554 2773 621 2825 nos
634 2750 757 2826 salutis
774 2750 929 2848 cepifie,
962 2772 1099 2843 eosque
1119 2748 1191 2824 effe

136 2843 272 2937 ejeftos
290 2847 411 2942 foras,
437 2849 555 2925 donec
566 2851 753 2946 plenitudo
762 2850 882 2926 nostra
892 2851 1089 2947 advenerit.
1114 2847 1189 2922 Sci·

134 2964 214 3020 mus
235 2947 348 3041 item,
381 2948 566 3044 postquam
589 2951 779 3045 plenitudo
795 2951 955 3046 gentium
978 2947 1188 3041 intraverit,

135 3057 227 3124 tunc
239 3064 381 3121 omnem
401 3045 503 3122 israel
525 3048 659 3125 salvum
675 3049 853 3136 futurum:
878 3049 1015 3123 idcirco
1033 3047 1187 3140 primum

136 3144 280 3236 quidem
299 3146 463 3221 dicimus:
496 3152 577 3221 Vere
597 3156 635 3219 in
653 3151 843 3221 mendatium
860 3164 954 3220 erunt
972 3149 1055 3217 codes
1070 3145 1109 3223 U
1117 3145 1189 3237 sor·

135 3245 247 3315 titudo
262 3253 434 3318 monrium:
462 3246 589 3321 deinde
606 3247 763 3321 addimus
776 3247 820 3324 de
835 3246 1005 3322 salvando
1022 3243 1102 3337 post
1113 3244 1188 3338 ple·

132 3342 332 3419 mitudinenr
347 3346 504 3442 gentium
522 3344 667 3420 israele:
699 3351 927 3419 Verumtamen
944 3366 999 3426 per
1013 3349 1187 3415 Dominum

135 3446 242 3515 Deum
256 3445 392 3539 notrum
400 3445 486 3534 flatus
505 3445 610 3533 Idaei.
647 3447 828 3543 Quoniam
845 3459 964 3520 autem
979 3442 1084 3516 semel
1100 3462 1188 3537 apo.-

133 3540 250 3615 stolici
264 3558 384 3616 textus
397 3546 617 3619 meminimus
639 3545 813 3637 dicentia,
838 3544 989 3636 delicto,
1016 3561 1088 3634 quo
1106 3561 1186 3618 cor-

133 3642 209 3713 ruit
225 3640 355 3734 lsrael,
382 3641 525 3718 salutem
546 3658 660 3718 ortam
679 3646 843 3740 gentibus
861 3670 873 3733 3
899 3645 933 3716 dt
954 3640 1095 3734 quando
1113 3642 1187 3732 ple-

133 3740 262 3812 nitudo
281 3742 438 3841 gentium
456 3743 622 3836 intrarit,
648 3740 751 3816 lsrael
771 3744 860 3818 foris
883 3754 1077 3832 manente,
1103 3737 1185 3831 post

133 3836 319 4011 ifngreffum
329 3842 562 4014 plenitudinis
574 3844 754 4014 gentiduplr,
772 3863 914 4013 olmnem
924 3840 1035 3958 ¹lsrael
1048 3837 1185 3912 salvum

88 4019 95 4030 Χ
132 3956 327 4132 p(l)ircee;u?1{.e
353 3961 660 4133 {mahestagelpuguai
674 3952 1192 4134 saluaeacbffifeedclilditnrtn’agega.

114 4156 216 4233 ‘pars
233 4137 357 4232 lsrael,
383 4137 441 4212 scd
454 4139 592 4236 reliquia
600 4137 767 4228 suendum
777 4144 889 4235 gratia
901 4138 1074 4216 alemano»
1085 4129 1186 4227 satia

127 4239 231 4336 sunt,
256 4238 451 4333 dequibus
474 4236 619 4331 mystice
635 4237 680 4409 ‘in
706 4233 785 4312 Elia
812 4235 1035 4341 didtumeft:
1068 4233 1186 4404 νςξξᾳκὶ

679 4356 700 4409 c
724 4360 751 4432 4
866 4366 868 4369 ·
1056 4357 1147 4406 maa
