2734 4859
85 491 88 544 Ι

85 561 93 828 ἰ
158 603 165 618 “
206 659 1091 748 ruruovenurnsatonrours.
1144 687 1188 753 n

106 831 207 925 dem,
245 830 397 906 tametsi
431 830 613 904 continuo
639 829 831 905 audiebant
855 834 1063 926 parabolas,
1096 855 1192 912 nun··

107 955 212 1028 quarn
236 947 368 1006 tamen
388 931 646 1011 advertebant,
669 954 727 1005 eas
744 931 904 1030 indigere
922 936 1186 1028 explicatione3

105 1033 265 1126 discipuli
285 1053 388 1105 vero
410 1031 578 1105 videntes
595 1052 674 1107 eum
688 1034 823 1127 turbis,
849 1037 1009 1127 eo'quod
1027 1036 1116 1111 foris
1136 1036 1187 1111 es·

105 1131 202 1224 sent,
230 1134 268 1206 in
292 1133 482 1228 parabolis
504 1134 628 1226 loqui,
654 1131 791 1226 Jcsuru,
819 1134 879 1226 qui
905 1137 1028 1209 turbas
1050 1136 1193 1210 dimise·-

104 1251 177 1326 rat,
196 1231 426 1326 sequuntur,
442 1232 677 1324 scientesque,
699 1232 733 1306 se
749 1234 830 1306 alibi
844 1237 1091 1327 parabolarum
1108 1235 1184 1309 sen·

85 1330 175 1410 *sum
196 1332 415 1427 perdiscere
443 1354 519 1406 non
545 1330 671 1425 posse,
706 1334 767 1407 nisr
793 1337 829 1406 in
856 1334 1002 1408 domum
1022 1333 1104 1429 Jesu
1130 1337 1184 1408 ine

106 1433 375 1532 mederentur,
400 1431 600 1506 &adillum
620 1432 889 1530 ingrediuntur,
916 1434 1181 1509 &accedentes
1285 1483 1295 1506 .

108 1534 301 1608 dicuntei:
335 1531 480 1628 Edtffm
489 1533 576 1605 nolis
587 1532 787 1629 parabolam:
813 1553 916 1626 quam
930 1555 1061 1628 nempe
1073 1532 1193 1610 disce«

85 1635 87 1662 ³
109 1655 149 1710 re
162 1636 383 1729 cupiebant.
437 1631 561 1725 Atque
577 1633 824 1726 hujuscemodi
846 1632 897 1706 est
918 1636 1099 1728 parabola.
1223 1639 1229 1654 ’

181 1734 361 1828 Sequitur
379 1732 552 1808 obscurus
567 1733 692 1809 sermo.
742 1733 834 1807 Sunt
848 1734 956 1831 igitur
970 1736 1007 1808 in
1025 1734 1183 1826 Scriptu-

85 1909 87 1916 ,
109 1834 380 1928 mundantia,
409 1857 488 1926 qnae
504 1838 553 1908 ita
571 1834 615 1907 de
628 1831 796 1908 industria
811 1834 963 1908 obscure
981 1832 1072 1908 dieta
1085 1834 1181 1927 sunt,

110 1949 220 2009 utne
247 1938 348 2008 ullus
379 1935 523 2026 quidem
547 1932 663 2008 sensus
693 1936 731 2007 in
753 1937 794 2008 iis
822 1936 958 2029 percipi
983 1935 1088 2027 polilt
1109 1935 1183 2008 stne

109 2041 221 2112 multa
242 2037 278 2108 dt
307 2057 442 2130 magna
470 2033 728 2125 disquisitione:
763 2056 843 2110 cum
878 2034 1024 2107 didlioni
1041 2053 1184 2127 magna

111 2131 279 2216 donbrsro
291 2137 379 2208 insrt
395 2135 429 2206 dt
446 2134 635 2207 seeundum
652 2134 822 2228 phrasim,
850 2133 883 2206 dr
902 2134 1092 2208 secundum
1109 2133 1184 2207 sen-

111 2233 200 2326 ium,
226 2233 477 2308 &secundum
494 2235 814 2327 composrtionem:
841 2256 918 2327 quae
936 2234 1077 2326 quidem
1090 2247 1183 2328 puto

113 2334 175 2410 eise
195 2337 260 2428 id,
291 2335 399 2426 quod
419 2336 456 2406 in
479 2335 595 2407 bibliis
618 2335 747 2407 dicitur
770 2333 942 2407 obscurus
964 2333 1089 2409 sermo.
1142 2332 1198 2408 In*

116 2437 317 2529 exemplum
342 2436 523 2522 eirtsmodi
549 2435 719 2507 adducam
744 2456 763 2507 e
784 2432 922 2528 psalmia
946 2456 1010 2526 ea,
1044 2455 1122 2526 quae
1144 2434 1183 2508 iu

120 2533 240 2627 psalmo
260 2535 454 2631 trigesimo
477 2537 593 2627 primo
623 2533 713 2607 diua
734 2533 813 2607 sunt
836 2535 890 2608 his
914 2534 1057 2607 uerbis:
1094 2539 1185 2628 Quo·

122 2659 194 2706 uun
214 2642 327 2716 tacui,
359 2642 635 2705 inveteraverunt
654 2635 714 2726 offa
734 2660 819 2722 meo,
846 2634 911 2711 (sc.
963 2633 1021 2707 Ac
1046 2632 1190 2707 senten-

125 2737 170 2806 tie
182 2736 330 2826 quidem
344 2738 451 2808 litera
467 2735 668 2829 fimpliciter
686 2736 834 2830 intelligi
850 2733 991 2827 potest,
1020 2734 1184 2826 quemadss

128 2838 254 2908 nodum
273 2836 534 2923 ostendemus;
562 2835 618 2907 sed
634 2837 676 2906 de
695 2833 851 2906 obscuro
863 2835 1025 2907 sermone
1043 2855 1119 2906 non
1133 2836 1184 2907 ita

131 2931 155 3006 lt
166 2957 213 3008 res
229 2939 369 3008 habet:
398 2935 597 3025 cujusmodi
611 2933 661 3007 est
674 2936 781 3008 etiam
797 2934 883 3006 illud
899 2934 1012 3007 lsaiae:
1046 2939 1101 3005 Vae
1120 2950 1185 3004 rer·

136 3044 306 3106 lanuuium
323 3037 414 3120 asir,
442 3051 531 3104 troni
550 3026 694 3132 ssu’rnino
713 3036 918 3132 AEllrr'opiae:
946 3038 1001 3130 qui
1022 3040 1127 3105 mitur
1148 3039 1185 3105 in

139 3157 196 3202 nur
209 3139 352 3233 obfides,
381 3133 421 3210 b
435 3135 571 3232 epiflolar
594 3136 730 3206 biblinas
742 3136 837 3231 super
856 3160 981 3232 uquam.
1033 3135 1187 3230 Quodli-

138 3233 313 3309 betautern
332 3237 467 3307 horum
482 3235 685 3327 explicare,
714 3249 820 3326 atque
835 3235 1107 3326 interpretando
1119 3232 1188 3306 ser·

136 3338 227 3409 monia
242 3337 358 3428 liujus
382 3332 634 3409 obscuritatem
649 3333 847 3421 illustrare,
874 3357 950 3407 non
970 3334 1020 3406 est
1040 3334 1188 3427 praesen-

136 3435 168 3505 t‘u
181 3437 383 3531 temporis,
410 3455 457 3507 ne
470 3438 589 3526 plures
606 3436 640 3508 ἃ
659 3435 926 3528 intempestivas
944 3434 1113 3507 faciamus
1135 3436 1187 3507 di·

136 3537 323 3627 gressiones.
378 3532 556 3627 Sufficiat,
578 3534 697 3629 psalmi
714 3537 836 3607 locum
854 3535 1123 3624 quodammodo
1137 3535 1185 3607 src

137 3637 310 3726 explicare.
367 3638 557 3732 Quatenus
573 3638 665 3709 enirn
680 3636 900 3728 exclamavi,
927 3636 1082 3727 hymnos
1101 3634 1185 3705 Deo

136 3739 341 3828 concinens,
371 3735 503 3806 &tota
519 3736 576 3807 die
598 3735 643 3807 de
666 3734 750 3807 Deo
773 3736 948 3827 loquens,
973 3735 1059 3807 nihil
1077 3735 1187 3807 inme

136 3830 365 3909 inveteratum
383 3833 454 3922 est,
483 3833 541 3906 sed
553 3837 884 3927 potiusrenouatus
899 3833 983 3908 sum.
1035 3834 1108 3906 Ubi
1124 3855 1189 3906 ve·

137 3937 346 4008 ruadiuinis
365 3931 587 4009 sermonibus'
607 3934 780 4026 abstinui,
806 3955 880 4027 prae
899 3949 1051 4029 torpore
1063 3933 1187 4025 silens,

136 4051 294 4109 veternus
320 4055 438 4126 rusque
464 4035 507 4107 ud
534 4033 963 4127 olla-meapenetravit,
990 4033 1023 4105 ἃ
1051 4033 1092 4104 ad
1127 4055 1190 4114 ea,

137 4153 200 4223 que
214 4137 250 4209 in
270 4158 330 4210 me
351 4133 549 4210 solidiffima
565 4133 792 4211 videbantur.
844 4135 942 4207 Hinc
958 4130 1192 4206 consecutum

137 4234 193 4328 tsi,
216 4251 260 4309 ut
281 4237 339 4309 die
362 4258 405 4308 ac
429 4235 539 4310 node
564 4252 711 4332 grauata
734 4234 843 4307 fuerit
867 4233 970 4330 super
989 4256 1046 4306 rne
1066 4239 1191 4304 manus

138 4353 208 4432 tua,
233 4337 270 4411 d:
284 4354 485 4435 propterea
501 4359 522 4412 a
541 4336 653 4433 priori
669 4336 875 4411 visitatione
894 4330 1071 4408 conversa
1086 4331 1137 4405 est
1156 4334 1192 4407 iu

1028 4454 1145 4514 meam
