2734 4859
732 717 1884 881 nonum-'xvim
2208 800 2358 902 ⁶49

276 956 461 1046 enim
488 1015 511 1050 ,
564 961 759 1058 quod
803 964 1115 1038 incertus
1169 962 1306 1059 fit,
1356 962 1590 1052 dixit3
1648 957 1945 1057 Fbrrffs
1991 960 2249 1034 audient
2280 961 2361 1039 (5

259 1076 715 1168 poenitentiam
747 1084 931 1158 agent
959 1087 978 1154 3
1038 1060 1157 1135 sed
1192 1078 1277 1136 ut
1313 1062 1690 1136 admodum
1727 1060 2129 1137 innotescat
2159 1077 2360 1137 tuum

274 1171 576 1244 liberum
599 1166 997 1254 arbitrium,
1050 1162 1119 1234 δι
1150 1184 1243 1236 ne
1274 1164 1507 1250 dicas3
1558 1163 1608 1236 fi
1631 1184 1746 1236 me
1778 1163 2167 1256 periturum
2192 1184 2364 1255 prae-

276 1267 523 1345 novit,
576 1266 874 1339 omnino
904 1263 1263 1355 periturus
1302 1260 1490 1340 sum,
1539 1261 1585 1334 fi
1614 1263 1970 1354 praenovit
2002 1284 2117 1337 me
2152 1262 2371 1336 salva·-

281 1382 429 1439 tum
468 1365 553 1437 iri
577 1418 601 1458 ‚
657 1362 883 1436 salvus
913 1363 1210 1436 omnino
1237 1362 1516 1435 futurus
1545 1359 1711 1435 sum.
1810 1358 1988 1435 Non
2027 1384 2198 1461 ergo
2227 1384 2371 1457 prae

279 1465 349 1539 se
387 1465 527 1538 fert
551 1515 576 1555 ,
626 1462 695 1535 se
722 1513 748 1555 ,
814 1461 981 1553 quid
1017 1461 1105 1533 de
1145 1476 1219 1533 te
1257 1460 1574 1534 futurum
1612 1460 1736 1553 fit,
1789 1456 1964 1533 scire
1996 1508 2017 1541 ,
2077 1475 2160 1535 ut¹
2197 1467 2369 1538 libe·

281 1584 438 1637 rum
460 1576 661 1635 tuum
686 1563 1043 1633 arbitrium
1071 1563 1424 1667 integrum
1455 1557 1728 1647 servet,
1777 1578 1926 1632 non
1952 1562 2174 1655 posita
2201 1584 2373 1658 prae-
2405 1591 2410 1595 ·
2484 1620 2490 1626 .

284 1664 593 1738 notione
623 1661 689 1734 &
735 1656 1210 1754 praescientia,
1278 1680 1365 1732 an
1408 1657 1887 1753 poenitentiam
1931 1658 2202 1738 aeturus
2246 1664 2373 1756 fis,

285 1781 425 1836 nec
459 1781 575 1833 ne.
675 1755 772 1832 Et
804 1761 903 1831 ait
937 1759 1021 1831 ad
1064 1757 1532 1851 Prophetam:
1587 1763 1897 1854 Loquere,
1936 1759 2220 1853 fortaffis
2252 1786 2373 1859 ρω-

287 1867 629 1932 nitentium
671 1875 874 1952 agent.
969 1857 1372 1932 Istiusmodi
1409 1859 1596 1932 enim
1638 1858 1768 1931 alia
1807 1853 2137 1933 sexcenta
2175 1881 2408 1956 repe-·

285 1960 426 2032 ries
450 1960 536 2031 de
565 1956 732 2031 Deo
765 1955 944 2030 dicta
972 1958 1281 2031 humano
1305 1977 1510 2030 more
1537 1971 1812 2053 agente.
1912 1955 1986 2029 Si
2014 1960 2186 2034 iram
2207 1962 2376 2054 Dei,

286 2060 339 2134 fi
364 2057 678 2132 furorem
711 2058 1051 2140 audieris,
1086 2058 1238 2130 noli
1262 2070 1526 2148 putare.
1546 2059 1719 2129 iram
1757 2055 2217 2151 furoremque
2239 2059 2377 2135 ‘ess'e

287 2155 434 2231 Dei
472 2156 907 2233 affectiones.
1027 2154 1501 2230 Oeconomiae
1539 2159 1740 2229 caula
1774 2156 2118 2247 ejusmodi
2153 2181 2380 2249 voces

287 2256 711 2352 usurpantur
750 2258 835 2328 ad
872 2255 1227 2330 infantem
1275 2254 1846 2329 convertendum
1897 2255 1964 2330 δι
2009 2262 2384 2333 emendan-

294 2359 486 2431 dum.
584 2352 773 2429 Nam
800 2356 867 2427 &
898 2377 1035 2427 nos
1065 2355 1298 2448 pueris
1330 2355 1587 2430 iratum
1615 2358 1896 2430 vultum
1923 2357 2383 2451 ostendimus,

292 2476 450 2529 non
485 2475 574 2526 ex
612 2457 821 2530 animi
850 2453 1107 2529 effetstu
1137 2506 1163 2548 ,
1213 2452 1330 2528 sed
1371 2455 1704 2547 prudenti
1736 2458 2037 2532 ratione.
2140 2457 2212 2531 Si
2243 2463 2388 2532 ani-

296 2556 395 2631 mi
427 2555 1007 2629 benevolentiam
1042 2574 1203 2650 erga
1230 2553 1571 2628 infantem
1595 2574 1737 2647 prae
1764 2555 1974 2627 vultu
2005 2557 2253 2631 nostro
2277 2571 2387 2632 tu-

296 2656 581 2727 lerimus
611 2707 635 2745 ‚
688 2654 754 2726 &
798 2675 955 2727 eum
986 2707 1013 2745 .,
1065 2675 1211 2745 quo
1256 2655 1452 2726 ilium
1489 2652 1964 2745 amplectimur
1994 2710 2018 2748 ‚
2071 2678 2387 2733 amorem

298 2753 851 2845 ostenderimus,
918 2774 1148 2842 neque
1200 2774 1334 2826 nos
1374 2754 1823 2826 immutantes
1853 2806 1879 2846 ‚
1944 2777 2178 2848 neque
2217 2779 2395 2849 quo-

301 2854 682 2926 dammodo
717 2853 1301 2925 transformantes
1318 2883 1353 2945 ,··
1383 2866 1466 2925 ut
1489 2853 1685 2926 illum
1714 2854 2205 2948 emendemus,
2239 2879 2397 2949 per-

302 2954 529 3025 dimus
561 3004 585 3044 ,
661 2951 1226 3042 deterioremque
1276 2953 1472 3023 illum
1525 2949 1883 3027 efficimus.
1995 2956 2112 3027 Sic
2181 2955 2393 3052 igitur

303 3050 506 3124 Deus
559 3050 627 3122 δι
670 3050 865 3123 irasci
911 3051 1211 3141 dicitur,
1279 3049 1346 3121 δι
1386 3050 1632 3123 furore
1673 3052 1935 3145 corripi
1986 3051 2055 3125 se
2105 3055 2244 3145 ait,
2311 3070 2397 3127 ut

304 3152 751 3223 convertaris
789 3150 853 3223 δι
886 3149 1303 3224 emenderis,
1404 3148 1689 3222 Revera
1714 3170 1863 3222 non
1886 3151 2239 3246 irascitur,
2280 3176 2398 3227 ne-

308 3271 447 3339 que
489 3249 737 3323 furore
774 3250 1115 3345 agitatur,
1169 3247 1286 3321 sed
1318 3260 1398 3318 tu
1424 3250 1711 3341 patieris
1737 3270 1820 3321 ea
1843 3299 1868 3331 ‚
1916 3271 2070 3343 quae
2093 3254 2249 3324 sunt
2277 3256 2399 3325 irae

308 3350 377 3420 &
414 3347 725 3440 furori3‚
799 3348 1265 3421 acerbiffimos
1318 3348 1418 3418 ob
1483 3362 1674 3422 tuam
1724 3349 2053 3424 malitiam
2106 3351 2399 3426 dolores

304 3446 709 3527 sustinendo
731 3501 758 3541 ,
810 3469 971 3523 cum
1001 3447 1164 3540 illa,
1217 3465 1372 3539 quae
1410 3446 1514 3520 ira
1551 3446 1692 3521 Dei
1721 3462 2031 3523 vocatur
2054 3502 2083 3543 ‚
2132 3463 2209 3526 te
2241 3472 2406 3525 cor-

304 3548 631 3640 ripuerit.

460 3667 526 3739 7.
580 3645 863 3719 Deinde
912 3643 1074 3738 post
1121 3644 1516 3721 sermonem
1566 3645 1656 3718 de
1705 3645 1974 3722 duabus
2027 3651 2406 3746 gentibus,

309 3748 591 3841 priore,
637 3749 750 3817 cui
782 3746 1026 3836 minae,
1059 3747 1317 3839 altera,
1359 3746 1976 3839 cuipromiffiones
1996 3747 2192 3824 faaae
2215 3748 2405 3845 sunt,

309 3847 411 3918 ait
450 3846 668 3936 priori
707 3845 1031 3919 nimirum
1064 3866 1084 3917 t
1140 3848 1233 3917 Et
1263 3870 1437 3917 nunc
1474 3848 1568 3916 dic
1606 3848 1687 3917 ad
1710 3852 1888 3920 viros
1937 3851 2117 3947 Juda
2145 3900 2167 3938 ‚
2210 3849 2291 3929 θ’
2327 3852 2412 3923 ad

313 3945 694 4015 habitatores
729 3946 1119 4041 Jerusalem,
1169 3947 1292 4014 luc
1322 3948 1477 4015 dicit
1514 3948 1872 4022 Dominus:
1921 3948 2080 4023 Ecce
2115 3975 2212 4044 ego
2239 3954 2410 4045 fingo

300 4045 495 4135 super
543 4068 655 4112 vos
702 4045 887 4114 mala.
1012 4044 1373 4141 Quoniam
1423 4043 1497 4117 in
1543 4063 1754 4119 manu
1802 4069 1970 4130 mea,
2007 4048 2166 4122 sunt
2210 4050 2408 4142 haec,

318 4162 473 4233 quae
512 4138 706 4238 fingo
737 4197 765 4236 ‚
830 4141 1033 4235 super
1080 4164 1218 4216 vos
1260 4142 1551 4237 poss'unt
1602 4146 1877 4219 cadere.
1996 4146 2189 4220 Date
2234 4170 2412 4242 ope·

313 4264 466 4314 ram
493 4293 517 4331 ‚
566 4258 649 4311 ut
689 4264 728 4314 e
764 4263 976 4317 manu
1004 4262 1161 4317 mea
1187 4244 1557 4334 excidant,
1608 4256 1691 4316 ut
1728 4266 1854 4336 ea,
1910 4266 2061 4339 quae
2086 4243 2283 4344 fingo
2308 4246 2412 4320 su·

318 4363 448 4436 per
491 4361 623 4411 vos
658 4341 881 4433 mala,
946 4354 1212 4415 mutem
1243 4394 1268 4433 ‚
1334 4341 1402 4415 &
1447 4342 1697 4417 faciam
1742 4346 1954 4420 bona.
2058 4345 2268 4419 Haud
2309 4349 2416 4419 in·

321 4442 570 4517 venies
591 4491 617 4536 ‚
664 4466 785 4515 ecce
800 4437 979 4540 fingo
992 4440 1179 4540 [uper
1214 4466 1327 4615 voss
1350 4442 1540 4531 bona,
1595 4441 1663 4517 &
1703 4464 1855 4537 quae
1886 4445 1995 4519 his
2039 4443 2429 4518 consenta-

1359 4559 1396 4617 ε
1449 4560 1490 4635 5
2209 4560 2378 4611 nea.
