2734 4859
386 613 848 726 rnotocus
1101 635 1150 722 Β

140 781 315 876 itatem,
339 779 451 854 etiam
475 779 520 853 ad
542 780 680 872 reliqua
700 777 918 857 discutienda
940 788 1142 867 veniamus.

141 897 313 957 entemus
331 879 506 974 primum,
521 880 566 954 de
590 902 636 953 eo
653 882 856 974 requirere,
871 886 954 976 quid
974 888 1062 960 illud
1075 890 1138 984 srt,
1171 907 1173 912 ·

141 984 189 1063 d,
227 1003 318 1056 cum
340 979 413 1053 tria
430 982 617 1054 volumina
637 981 784 1054 ecclesia
803 982 876 1054 Dei
900 1004 920 1057 a
942 983 1140 1063 Salomone

141 1097 187 1156 »ta
216 1080 438 1174 susceperit,
463 1079 598 1173 primus
620 1101 664 1153 ex
682 1079 764 1172 ipfis
789 1081 1073 1161 Proverbiorum
1097 1089 1139 1162 li·

141 1181 289 1277 posrtus
309 1181 379 1272 srt,
406 1178 581 1254 secundus
601 1179 663 1271 is,
691 1183 751 1272 qui
768 1177 996 1278 Ecclefiastes
1015 1189 1136 1279 appel·
1250 1233 1252 1242 »

141 1304 168 1376 ’,
199 1284 323 1356 tertio
342 1299 434 1355 vero
454 1282 490 1352 in
506 1280 594 1354 loco
614 1278 756 1352 Cantici
773 1278 1005 1358 Canticorum
1027 1288 1135 1358 volu·

168 1383 369 1456 habeatur.
429 1382 522 1474 Quae
544 1401 632 1477 crgo
654 1381 764 1452 nobis
789 1385 982 1456 occurrere
1001 1385 1133 1476 poffint
1166 1453 1174 1468 ,

141 1484 313 1573 scinco,
338 1481 401 1556 ista
416 1479 507 1554 sunt.
557 1478 975 1573 Generalesdisciplinae,
1002 1485 1131 1574 quibus

141 1603 240 1656 rrum
256 1579 442 1655 scientiam
457 1583 689 1673 pervenitur,
715 1593 789 1652 tres
802 1578 903 1672 sunt,
932 1602 1017 1673 quas
1032 1583 1132 1656 Grae·

141 1683 319 1774 nycam,
355 1679 536 1775 physicam
558 1679 808 1753 &theoricen
833 1681 1128 1778 appellaverunt,

141 1783 207 1854 has
230 1782 356 1855 dicere
377 1778 559 1873 possumus
580 1780 778 1871 moralem,
804 1779 1055 1854 naturalem&
1074 1783 1129 1855 in·

141 1884 261 1955 ivam.
320 1879 500 1954 Nonnulli
520 1878 601 1953 sane
620 1880 714 1972 apud
735 1878 885 1952 Graecos
908 1882 1014 1954 etiam
1035 1882 1129 1977 logi·

170 2001 286 2073 quam
299 2001 370 2054 nos
387 1980 601 2053 rationalem
619 1977 800 2071 possumus
821 1979 964 2071 dicere,
992 1995 1123 2071 quarto

141 2101 271 2154 smero
290 2079 453 2174 posuere.
505 2077 580 2151 Alii
594 2099 671 2152 non
697 2079 916 2152 extrinsecus
944 2095 1040 2167 eam,
1065 2076 1126 2153 sed

141 2181 207 2254 has
231 2194 336 2274 tres,
364 2201 448 2273 quas
472 2177 573 2273 supra
592 2179 895 2272 memoravimus,
921 2177 1130 2275 disciplinas¹

141 2302 223 2354 ram
245 2280 519 2371 confertamque
540 2298 605 2371 per
633 2299 741 2352 omne
774 2298 906 2373 corpus
933 2276 1003 2353 esse
1024 2279 1131 2354 dixe·

141 2443 143 2450 .
198 2377 267 2452 Est
283 2380 379 2453 enim
394 2381 529 2476 logices
546 2433 558 2469 ,
585 2380 620 2451 ἃ
639 2379 743 2451 velut
758 2397 827 2451 nos
842 2379 991 2452 dicimus
1011 2379 1123 2456 ratio·

145 2534 159 2571 ,
190 2500 273 2572 quae
286 2480 502 2571 verborum,
530 2476 778 2570 dictorumque
795 2478 940 2550 videtur
958 2480 1123 2552 contine-

143 2584 293 2660 tiones,
317 2580 649 2672 proprietatesque,
676 2577 1037 2672 &improprietates,
1062 2600 1124 2675 ge·
1233 2569 1237 2582 ’

141 2702 233 2771 que,
269 2678 484 2772 tripedes,
522 2677 556 2748 ἃ
577 2674 710 2773 figuras
732 2678 951 2773 singulorum
972 2699 1120 2770 quoque

143 2802 211 2855 ere
224 2777 418 2853 diciorum:
446 2799 549 2869 quam
560 2778 683 2869 utique
698 2775 934 2868 disciplinam,
955 2794 1121 2851 nontam

141 2881 228 2970 ari,
255 2899 360 2969 quam
375 2877 477 2950 inseri
495 2877 631 2949 caeteris
648 2876 1006 2956 convenitointexi.
1033 2877 1122 2950 Mo·

145 2993 275 3052 autem
295 2978 449 3059 dicitur,
475 2998 539 3069 per
553 2997 657 3066 quam
675 2995 756 3056 mos
779 2975 930 3048 vivendi
947 2974 1124 3050 honestus·

141 3101 217 3160 arr,
245 3076 450 3150 &instituta
470 3077 513 3149 ad
529 3078 703 3152 virtutem
721 3075 906 3148 tendentia
920 3095 1120 3169 praeparan·

168 3179 360 3252 Naturalis
374 3179 526 3269 dicitur,
551 3176 613 3248 ubi
627 3175 908 3267 uniuscujusque
925 3177 976 3248 rei
991 3189 1119 3250 natura

141 3283 259 3371 titur,
287 3297 360 3368 quo
376 3279 462 3350 nihil
476 3292 604 3350 contra
622 3288 785 3347 naturam
800 3289 945 3369 geratur
961 3276 997 3347 in
1016 3276 1117 3368 vita,

144 3377 410 3469 numquodque
428 3378 481 3450 his
503 3375 619 3448 usibus
645 3374 870 3466 deputetur,
911 3375 948 3446 in
977 3395 1069 3466 quos
1095 3396 1117 3448 a

141 3500 217 3552 ore
236 3476 450 3571 productum
476 3474 536 3550 est.
587 3470 787 3566 Inspectiva
804 3474 951 3555 dicitur,
979 3471 1116 3566 quasu-

141 3579 215 3654 ’effi
250 3576 433 3666 vifibilia,
476 3576 519 3647 de
545 3573 675 3647 divinis
704 3573 885 3664 aliquid&
913 3571 1113 3646 coelestibus

141 3679 356 3772 emplamur‚
373 3696 487 3767 eaque
497 3673 570 3746 sola
582 3686 703 3747 mente
715 3673 916 3764 intuemur,
945 3674 1114 3765 quoniam

141 3798 268 3853 areum
283 3774 594 3871 supergrediuntur
610 3770 796 3865 aspeslum.
849 3772 936 3845 Haec
948 3793 1056 3869 ergo,
1072 3785 1115 3843 ut

154 3878 332 3969 videtur,
358 3873 533 3969 sapientes
549 3873 681 3965 quique
707 3869 917 3944 Graecorum
938 3870 1074 3966 sumpta
1092 3893 1113 3941 a

141 3998 269 4069 none,
295 3990 427 4069 utpote
449 3976 508 4065 qui
526 3986 631 4047 aetate
651 3971 687 4044 ἀ
709 3986 874 4063 tempore
893 3975 1003 4067 longe
1028 3984 1113 4044 ante

158 4079 266 4171 prior
290 4097 333 4150 ea
358 4096 423 4168 per
445 4074 517 4146 Dei
539 4072 697 4165 spiritum
719 4069 919 4162 didicisset,
945 4086 1113 4162 tanquam
1197 4151 1221 4158 ,Ι

141 4181 194 4250 ria
208 4176 358 4249 inventa
370 4175 625 4266 protulerunt,
651 4170 963 4243 &institutionum
976 4167 1114 4240 suarum

141 4278 295 4354 minibus
305 4272 576 4368 comprehensa,
586 4267 1118 4368 posteristradendareliquere.

534 4372 613 4465 ΡΒ
1000 4371 1079 4457 Sed
