2734 4859
384 477 388 484 .
485 483 492 500 ¹.
596 465 601 480 Ι
1156 182 1215 472 ΙΙ

191 619 239 704 32
314 589 554 672 omeenrs
577 587 634 670 ur
659 587 936 670 cannensi
960 587 1166 677 cnunc.

190 760 242 833 ibi
265 754 458 832 secundum
484 755 662 828 canticum
684 773 801 830 canas.
850 751 1014 830 Posthac
1029 758 1116 832 veni
1136 759 1215 836 ads

192 860 272 932 cina
289 856 409 931 sansiae
427 871 552 947 terrae,
578 868 620 928 ut
634 852 738 947 super
758 853 922 942 Jordanis
945 856 1057 948 ripam
1082 859 1215 934 constit

90 979 94 994 ·
189 975 272 1049 tus,
300 971 422 1030 cantes
442 958 619 1030 canticum
641 953 757 1046 Mos,
784 954 927 1029 dicens:
962 960 1099 1028 Aaron:
1124 963 1215 1033 celer

190 1059 229 1136 (5
246 1063 378 1155 loquor,
403 1060 441 1132 U
460 1057 573 1128 audior
589 1072 678 1126 terro
696 1056 792 1128 verbo
806 1061 868 1125 oris
889 1057 961 1132 mei.
1010 1055 1162 1133 Rursum
1194 1061 1215 1134 h

190 1161 255 1232 bes
273 1153 525 1249 necessarium,
551 1169 592 1227 ut
603 1154 754 1247 milites,
782 1154 959 1228 &terram
977 1153 1127 1232 sensiam
1142 1161 1215 1233 haer

191 1259 303 1332 ditate
318 1257 513 1350 possideas,
541 1255 665 1347 &apis
682 1256 746 1327 tibi
765 1255 982 1348 prophetet,
1010 1257 1132 1351 &apis
1145 1275 1185 1332 te
1198 1264 1212 1354 j

190 1357 307 1446 dicet:
333 1357 509 1428 Debbora
533 1357 666 1447 quippe
687 1355 760 1447 apis
780 1357 1060 1446 interpretatur:
1088 1371 1127 1429 ut
1146 1361 1215 1452 pos

190 1457 327 1530 &illud
351 1475 520 1547 carmen,
546 1456 644 1546 quod
667 1453 703 1526 in
719 1454 812 1526 libro
831 1454 995 1548 Judicum
1018 1459 1215 1532 continetu:

189 1557 342 1630 edicere.
377 1555 435 1626 Ad
452 1574 642 1650 regnonrm
657 1553 825 1645 deinceps
848 1554 1020 1628 volumen
1036 1554 1215 1632 ascenden.

187 1657 277 1744 veni
298 1657 341 1728 ad
365 1654 568 1745 canticum,
595 1652 739 1746 quando
765 1652 885 1726 David
906 1652 997 1749 fugit
1017 1654 1061 1728 de
1083 1660 1215 1731 manibr

190 1756 352 1830 omnium
378 1753 604 1828 inimicorum
626 1750 799 1845 suorum,
831 1752 931 1828 &de
955 1775 1061 1826 manu
1082 1752 1188 1849 Saul,

187 1855 302 1929 dixit:
330 1858 491 1925 Dominus
503 1855 745 1944 firmamentum
765 1877 889 1941 meum,
914 1850 953 1927 sl
973 1851 1135 1944 fortitudo
1161 1881 1215 1928 nro

186 1954 227 2034 ὅ
244 1954 401 2049 refugium
427 1978 552 2041 mouns,
577 1955 619 2038 Εἴ
639 1954 790 2025 liberator
813 1977 908 2029 meus.
958 1951 1215 2030 Perveniendu

186 2056 252 2129 tibi
269 2054 320 2130 est
341 2053 385 2127 ad
407 2050 571 2134 Esaiam,
595 2067 638 2124 ut
657 2072 739 2126 cum
762 2054 826 2126 illo
847 2053 962 2126 dicas:
989 2054 1129 2124 &nram
1143 2076 1215 2132 caan

183 2180 254 2228 cum
272 2155 381 2226 ortelio
397 2158 499 2223 vinea
514 2176 596 2232 mea.
648 2148 790 2226 Etcum
805 2151 968 2225 universa
982 2153 1176 2248 transieris,
1204 2181 1215 2234 a

184 2257 314 2328 altiora
331 2251 553 2343 conscende,
577 2265 620 2323 ut
635 2250 740 2344 poffis
761 2253 875 2324 anima
892 2252 1026 2324 decora
1046 2272 1126 2326 cum
1140 2253 1215 2349 spor

184 2352 245 2446 so,
273 2353 403 2427 &hoc
430 2371 558 2423 canere
578 2352 757 2424 canticum
781 2352 1014 2425 canticorum.
1060 2349 1130 2424 Sed
1153 2376 1215 2447 qur

184 2475 230 2528 ex
242 2449 402 2545 personis
417 2449 577 2543 constet,
603 2451 762 2523 incertus
780 2448 864 2524 sum.
915 2447 1110 2523 Orantibus
1125 2471 1215 2530 auter

182 2552 315 2642 vobis,
343 2551 576 2624 &revelante
596 2547 781 2641 Domino,
807 2550 1109 2641 quatuormi'niin
1126 2552 1215 2627 hisv

182 2652 273 2726 deor
304 2649 479 2723 inuenisse
512 2650 701 2743 personas,
735 2651 853 2723 virum
887 2648 921 2722 δι
952 2647 1135 2744 sponsam,
1162 2675 1215 2730 cur

180 2749 307 2846 sponsa
328 2747 637 2842 adolescentulas,
662 2769 742 2823 cum
768 2746 896 2842 sponso
916 2746 1085 2822 sodalium
1104 2771 1214 2849 grege

180 2850 266 2950 Alia
283 2851 450 2922 dicuntur
468 2871 487 2922 a
502 2846 650 2942 sponsa,
676 2850 743 2922 alia
757 2871 777 2921 a
793 2846 946 2941 sponso,
972 2852 1148 2923 nonnulla
1161 2873 1182 2925 a
1189 2855 1215 2946 jr

179 2952 367 3038 venculis,
403 2948 560 3040 quaedam
594 2970 614 3020 a
646 2946 822 3021 sodalibus
855 2945 982 3041 sponsi.
1034 2947 1215 3048 Congruur

179 3051 312 3143 quippe
335 3049 405 3140 est,
432 3064 473 3121 ut
487 3050 523 3121 in
546 3049 680 3141 nuptiis
706 3047 1047 3140 adolescentularum
1063 3047 1105 3120 lit
1124 3053 1215 3126 mult

177 3151 270 3223 tudo
285 3171 365 3223 curn
382 3146 526 3242 sponsa,
549 3147 725 3240 juvenum
744 3148 847 3220 turba
863 3168 943 3221 cum
956 3144 1099 3240 sponso.
1153 3149 1215 3224 He

179 3251 299 3323 omnia
322 3250 399 3322 noli
421 3247 511 3321 foris
531 3267 710 3337 quarere,
736 3249 814 3320 noli
834 3262 937 3320 extra
959 3266 1045 3329 eos,
1071 3248 1131 3340 qui
1153 3270 1215 3342 pra

178 3350 362 3423 dicatione
382 3347 560 3443 evangelii
585 3344 709 3419 salvati
729 3343 818 3424 sunt.
880 3344 1054 3419 Christum
1074 3346 1215 3439 sponsus

176 3450 358 3544 intellige,
385 3444 576 3518 Ecclesiam
595 3443 754 3539 sponsam
768 3445 842 3520 stne
860 3447 998 3520 macula
1014 3444 1048 3518 &
1065 3467 1175 3545 ruga,
1195 3449 1215 3524 d

176 3568 247 3640 qua
264 3546 433 3640 scriptum
450 3543 521 3617 estt
567 3550 612 3616 Ur
632 3544 790 3616 exhiberet
806 3544 869 3641 fibi
890 3546 1051 3640 gloriosam
1074 3547 1215 3645 Ecclesiae

168 3660 239 3719 'non
254 3648 418 3718 habentem
438 3645 609 3733 maculam,
636 3669 735 3744 noque
749 3669 875 3740 ragom,
900 3663 957 3716 our
976 3647 1099 3744 aliquid
1114 3670 1215 3721 uren

169 3745 223 3837 sed
240 3746 329 3842 urstt
342 3742 457 3836 [αηῖέα
476 3742 515 3822 (5
540 3747 753 3817 immaculato.
803 3744 880 3817 Eos
903 3765 1019 3839 vero,
1046 3747 1126 3840 qui,
1155 3771 1215 3824 cur

173 3845 241 3921 srnt
251 3842 396 3938 fideles,
419 3866 496 3919 non
508 3841 588 3918 sunt
603 3857 723 3920 tamen
737 3843 956 3938 istiusmodi,
983 3847 1103 3937 quales
1118 3843 1215 3923 serm·

173 3945 341 4041 praefatus
367 3941 438 4042 est,
463 3943 522 4019 sed
541 3945 645 4036 juxta
664 3945 812 4019 modurn
828 3944 1013 4037 quemdam
1038 3944 1157 4038 adepti
1183 3952 1215 4023 vi

172 4046 303 4119 dentur
321 4043 491 4128 salutem,
517 4044 790 4134 animadverte,
808 4043 1030 4119 credentium
1052 4046 1185 4121 animas
1201 4045 1215 4122 s

172 4143 452 4219 adolescentulas
476 4140 546 4217 esse
568 4164 649 4219 curn
670 4141 806 4238 sponsa.
863 4140 1027 4239 Angelos
1045 4163 1139 4218 vero
1154 4200 1167 4238 ,
1182 4132 1215 4222 's

172 4265 260 4344 eos,
287 4244 347 4340 qui
361 4257 612 4340 pervenerunt
633 4244 671 4323 iu
695 4246 813 4320 virum
829 4242 1049 4341 perfeetum,
1074 4246 1215 4360 intellig

1076 4363 1184 4424 vrroa
