2734 4859
405 614 655 695 traua
703 615 733 696 1.
986 567 1109 728 '109

143 784 262 860 :intra
283 780 321 857 'se
346 783 453 857 etiam
475 779 677 856 thesaurum
703 778 972 875 absconditum,
997 788 1033 863 da
1054 791 1108 866 bi.

147 881 350 960 iaetificatur
368 904 411 955 ex
426 882 529 956 vino.
558 879 648 955 Cum
665 895 784 957 autem
797 885 1025 961 obtulerit&
1045 891 1107 968 da-

143 987 190 1059 rit
215 979 439 1081 semetipsum
459 980 575 1073 Deo,
609 1002 659 1054 au
671 980 865 1056 Nazaraeus
887 984 998 1060 fuerit
1019 987 1107 1066 effe·

162 1095 273 1180 atque
291 1082 477 1156 invenerit
491 1079 694 1156 thesaurum
711 1081 985 1181 absconditum,
1006 1088 1046 1161 δι
1060 1089 1107 1163 ad
1243 1093 1248 1104 ⁴

146 1189 236 1260 bera
254 1183 452 1274 fontesque
466 1183 677 1276 pervenerit
693 1182 795 1256 verbi
812 1182 905 1275 Dei,
930 1186 1055 1261 vinum
1069 1190 1107 1263 dt

143 1309 179 1360 ru
192 1287 268 1378 iarn
281 1305 359 1357 non
380 1283 500 1375 bibet,
526 1282 648 1355 dicens
666 1281 709 1353 ad
729 1280 841 1375 ipsu'm
856 1284 927 1358 Dei
947 1290 1104 1365 verbum

142 1409 150 1459 r
168 1383 365 1476 thesauris,
392 1385 453 1476 qui
472 1376 602 1474 inipso
625 1380 781 1454 scientiae
799 1382 832 1453 dt
847 1382 1026 1476 sapientiae
1045 1408 1104 1462 re·

144 1487 171 1558 ti
191 1483 305 1558 sunt:
339 1487 427 1576 Quia
452 1482 533 1556 buna
552 1482 634 1571 sunt
659 1482 752 1553 ubera
778 1499 836 1555 tua
853 1484 948 1579 fitpm
972 1493 1100 1562 uiuum.

146 1579 272 1659 autem
289 1597 472 1680 unguenta
498 1579 656 1674 quaedam
677 1579 818 1674 sponsa,
853 1603 1007 1674 quorum
1031 1588 1102 1661 fra·

142 1687 172 1758 ia
192 1681 373 1758 delediata
392 1681 443 1756 est
464 1679 615 1776 sponsa,
642 1680 677 1755 ἃ
694 1681 800 1755 dicit:
827 1684 910 1754 Odor
930 1703 1104 1779 unguenta·

142 1808 255 1856 aarum
266 1787 479 1880 superomnia
493 1798 649 1860 aromata.
678 1779 857 1856 Aromata
871 1779 1007 1875 species
1021 1784 1105 1860 sunt

142 1899 317 1958 ntorum.
366 1879 504 1977 Sponsa
521 1895 640 1955 autern
661 1881 787 1957 habuit
809 1881 983 1973 quendam
1000 1885 1101 1962 usum

141 1985 260 2058 titiam
285 1996 513 2076 aromatum,
537 1980 612 2055 hoc
633 1979 710 2074 est,
737 1982 935 2055 verborum
955 1987 1041 2079 legis
1066 1985 1102 2058 dr

141 2100 331 2174 netarum,
364 2084 493 2174 quibus
513 2096 596 2154 ante
617 2080 813 2157 adventum
831 2080 946 2175 sponsi
965 2085 1103 2158 rnedio-
1144 2129 1148 2136 -

157 2186 277 2275 licet,
302 2180 427 2256 instrui
446 2195 565 2256 tamen
587 2182 799 2274 videbatur,
826 2180 1037 2258 &exerceri
1057 2183 1104 2260 ad

141 2307 168 2358 n
183 2284 283 2364 Dei,
310 2297 442 2376 utpote
459 2281 610 2376 parvula
631 2280 769 2374 adhuc,
797 2280 906 2357 &sub
926 2285 1103 2358 curatori·
1178 2337 1182 2354 .

141 2383 349 2464 :ardoribus
366 2401 474 2480 agens
491 2381 526 2456 dt
545 2381 765 2476 pedagogis:
794 2386 865 2453 Lex
885 2383 979 2459 enim
997 2388 1103 2482 pada-

141 2487 244 2580 aafler
257 2483 335 2575 fuit
355 2486 395 2553 ad
413 2482 581 2579 cinisium.
633 2480 722 2556 Haec
744 2492 863 2555 autern
884 2485 1004 2556 omnia
1021 2506 1103 2560 aro·

141 2586 312 2673 fuerant,
335 2584 372 2655 in
383 2583 511 2674 quibus
526 2578 654 2656 nutriri
670 2580 746 2654 visa
759 2580 829 2676 est,
846 2580 1024 2675 &sponso
1036 2584 1101 2661 suo

140 2686 236 2758 uari.
265 2684 336 2756 Sed
355 2684 416 2755 ubi
435 2682 538 2755 venit
551 2681 739 2776 plenitudo
754 2683 1003 2773 temporum&
1019 2686 1106 2758 ado-

140 2839 149 2878 ,
193 2799 308 2874 atque
328 2783 553 2878 unigenitum
575 2781 675 2854 suum
701 2795 803 2874 pater
825 2780 959 2876 Spiritu
983 2782 1102 2858 santio

142 2907 202 2975 m,
224 2883 322 2956 mifit
335 2883 372 2954 in
387 2884 483 2956 hunc
495 2882 686 2973 mundum,
705 2880 859 2955 odorata
872 2881 997 2977 sponsa
1012 2883 1106 2956 divi·

140 2984 286 3084 nguenti
328 2983 580 3080 fragrantiam,
618 2979 866 3073 sentiensque,
907 2983 1005 3074 quod
1042 2983 1104 3057 illa

140 3101 155 3158 a
177 3097 373 3175 aromata,
406 3083 533 3173 quibus
553 3081 650 3174 prius
668 3078 729 3152 usa
750 3080 967 3174 videbatur,
993 3083 1103 3178 longe

140 3206 208 3258 ora
227 3184 320 3273 sint,
347 3182 389 3253 ad
406 3181 712 3276 comparationem
735 3176 918 3254 suavitatis
933 3183 1024 3255 novi
1042 3184 1107 3255 hu·

151 3281 305 3357 celestis
317 3283 511 3378 unguenti,
537 3281 602 3353 ait:
630 3283 711 3351 Odor
729 3297 960 3373 unguentorum
977 3299 1105 3356 tuarum

139 3390 245 3454 amnia
261 3402 414 3454 aromata.
466 3378 515 3453 Et
531 3380 700 3470 quoniam
713 3377 871 3452 Christus
888 3380 983 3455 idem
998 3382 1105 3474 spun-

145 3500 261 3575 atque
282 3481 376 3556 idern
394 3479 559 3574 pontifex
582 3480 736 3553 dicitur:
770 3480 938 3571 pontifex
959 3483 1104 3573 quidem

142 3585 231 3656 dum
248 3583 349 3672 hoc,
376 3581 475 3671 quod
489 3578 667 3652 mediator
686 3577 737 3651 est
751 3578 844 3670 Dei,
872 3580 1107 3657 &hominum

139 3704 228 3774 sque
247 3693 440 3771 creaturae,
456 3700 524 3771 pro
541 3678 658 3770 qua&
673 3678 887 3772 propitiatio
902 3678 1103 3777 induami,

139 3781 261 3875 ipsum
271 3777 430 3853 offerens
446 3777 596 3853 hostiam
607 3800 674 3871 pro
686 3792 839 3870 peccato
849 3781 988 3853 mundi:
1000 3779 1105 3874 spon·

139 3881 522 3973 erosecundumhoc,
551 3878 814 3971 quodecciefiae
820 3879 1004 3975 jungitur,
1027 3902 1105 3955 non

139 3983 186 4054 nti
216 3983 415 4074 maculam,
441 3996 503 4055 aut
535 4000 679 4075 rugam,
706 3993 767 4051 aut
800 3978 932 4070 aliquid
956 3979 1104 4054 horum:

137 4082 248 4170 deta,
282 4102 329 4155 ne
352 4081 460 4155 iorte
494 4096 718 4179 unguentum
747 4081 835 4153 illud
866 4079 1104 4175 pontificale,

164 4182 204 4254 in
229 4178 363 4253 Exodo
386 4185 560 4277 componi
583 4182 732 4274 jubetur
755 4194 832 4255 arte
857 4182 1103 4277 pigmentarii,

151 4282 353 4379 unguenti,
377 4281 477 4377 quod
494 4300 592 4360 nunc
614 4279 768 4372 odorata
784 4279 911 4384 sponsa
933 4283 1111 4388 miratur,

909 4403 914 4416 “
928 4404 1065 4472 teneat
