2734 4859
85 182 1240 396 -

451 591 916 702 HOMIIss'I'h'L'*
1143 651 1215 727 293

145 757 163 808 '¹
217 747 254 875 a.
283 786 331 860 Er
351 786 459 859 domus
476 753 604 885 impleta
626 788 666 887 efl
677 787 780 882 suna,
831 783 889 861 Ex
908 785 1108 864 remiffione
1120 789 1213 903 ignia

148 885 275 962 curua
291 888 437 981 impleta
452 885 502 960 est
522 888 661 962 domus.
712 887 844 964 Fumus
861 903 979 962 autem
991 909 1108 982 vapor
1120 893 1212 990 ignis

144 987 207 1063 est.
261 990 401 1059 Erdixi:
431 991 625 1083 Omiscrego,
653 987 1096 1088 qnoniamcompuntiurium,
1114 1001 1209 1087 quia,

142 1113 211 1158 cum
222 1088 285 1184 sun
301 1090 408 1171 hamo,
433 1085 473 1166 ὅ
490 1091 652 1159 immunda
668 1090 911 1182 labiahabeam.
963 1087 1053 1163 Non
1067 1088 1209 1183 poffuni

141 1187 296 1280 sentire,
331 1209 438 1280 quare
461 1188 704 1263 humiliaverit
731 1188 876 1286 seipsum
902 1186 1016 1265 Isaias.
1067 1191 1209 1267 Verum

141 1289 246 1361 dicit:
274 1287 515 1362 testimonium
535 1290 629 1362 enim
641 1289 701 1380 dat
711 1288 900 1383 scriptura,
928 1291 1008 1381 quia
1018 1288 1093 1383 ejus
1107 1311 1208 1365 mun·

141 1389 272 1462 dantur
295 1387 388 1460 labia
408 1391 452 1461 ab
465 1409 539 1461 uno
555 1411 599 1460 ex
613 1389 821 1482 Seraphim,
848 1389 906 1478 qui
923 1388 1040 1461 missus
1062 1388 1136 1483 est,
1162 1390 1208 1465 ad

141 1486 335 1560 auferenda
364 1487 439 1579 ejus
466 1501 627 1580 peccata.
678 1489 784 1562 Unus
814 1505 933 1565 autem
955 1508 1000 1562 ex
1022 1486 1208 1583 Seraphim

137 1585 320 1661 Dominus
342 1609 443 1661 meus
468 1587 564 1684 Jesus
591 1585 748 1663 Christus
771 1586 856 1684 est,
870 1589 931 1684 qui
948 1588 991 1660 ad
1013 1586 1207 1666 auferenda

136 1703 291 1782 peccata
314 1686 435 1760 nostra
457 1709 476 1761 a
502 1702 604 1784 patre
616 1685 734 1763 misius
753 1687 827 1779 est,
853 1685 1006 1762 &dicits
1031 1685 1130 1761 Ecce
1146 1690 1207 1763 ab·

138 1786 221 1860 stuli
244 1786 448 1879 iniquitates
465 1801 565 1879 tuas,
591 1787 791 1882 &peccata
808 1804 871 1861 tua
886 1788 1204 1863 circummundavi.

138 1885 224 1959 Nec
247 1903 352 1979 putes
368 1903 504 1960 naturae
521 1890 798 1980 contumeliam,
822 1881 847 1962 sr
866 1883 960 1962 filius
974 1908 994 1959 a
1009 1900 1111 1979 patre
1123 1888 1206 1966 mit.-

136 1986 239 2061 titur.
291 1985 457 2077 Denique
474 2002 515 2059 ut
530 1989 702 2062 unitatem
718 1987 859 2076 deitatis
871 1989 907 2060 in
922 1985 1106 2059 Trinitate¹
1119 2006 1206 2084 cog·

135 2085 291 2178 noscas,
318 2084 413 2159 solus
430 2086 586 2162 Christus
604 2085 815 2182 inpraesenti
830 2087 986 2161 lectione
1004 2106 1101 2159 nunc
1120 2107 1206 2179 pec·

138 2199 218 2260 cata
242 2186 410 2279 dimittit,
437 2187 603 2261 &tamen
623 2202 761 2262 certum
780 2186 852 2278 est,
880 2208 899 2260 a
918 2185 1099 2262 Trinitate
1121 2206 1206 2283 pec·

137 2298 218 2359 cata
236 2285 378 2359 dimitti.
430 2288 504 2387 Qui
520 2290 614 2362 enim
632 2290 668 2360 in
692 2310 767 2362 uno
789 2285 1001 2376 crediderit,
1028 2287 1143 2360 credit
1164 2287 1204 2361 in

139 2385 323 2462 omnibus.
374 2383 569 2480 Deseratur
588 2408 675 2485 ergo
688 2388 773 2462 mihi
789 2388 834 2461 de
846 2388 974 2460 altario
988 2384 1115 2460 caelesti
1128 2386 1207 2460 for·-

137 2506 245 2578 ceps,
270 2498 313 2557 ut
327 2498 449 2582 tangat
463 2487 657 2564 labiamea.
709 2486 869 2580 Forceps
890 2483 1060 2578 Domini,
1078 2486 1103 2559 sr
1122 2481 1206 2559 teti'·

136 2588 189 2682 git
211 2586 303 2657 labia
322 2607 425 2679 mea,
451 2585 598 2659 mundat
621 2608 673 2659 ea.
725 2586 775 2660 Et
795 2587 817 2659 sr
836 2585 1065 2660 mundaverit
1087 2608 1143 2680 ea,
1170 2583 1228 2659 &-

138 2683 405 2758 circumciderit
432 2707 452 2759 a
475 2687 603 2780 vitiis,
629 2703 670 2760 ut
693 2681 810 2781 nuper
833 2686 1005 2765 diximus,
1047 2687 1205 2780 aperiam

136 2786 258 2857 verbo
300 2783 370 2859 Dei
406 2806 449 2858 os
491 2807 642 2878 meum,
694 2807 763 2860 nec
802 2785 950 2858 ulterius
985 2782 1101 2859 sermo
1141 2786 1206 2860 im·

135 2884 289 2960 mundus
317 2886 414 2958 exiet
434 2907 479 2960 ex
505 2906 569 2958 ore
591 2909 695 2960 meo:
729 2887 832 2978 quia,
858 2885 996 2981 cumfim
1015 2887 1124 2970 mmo,
1162 2882 1204 2962 ὅ

134 2985 300 3055 immunda
322 2986 407 3055 sabin
428 2985 573 3074 habeam,
601 2992 638 3055 in
660 2987 757 3056 medio
782 3010 901 3084 qunque
912 2987 1019 3081 prpuli
1038 2984 1204 3065 immunda

133 3084 219 3156 iahia
249 3085 397 3156 habentis
423 3087 543 3157 dabira.
593 3085 800 3179 Seraphim,
833 3084 930 3177 quod
956 3077 1090 3158 missur‘n
1110 3082 1202 3179 fuit,

130 3181 324 3259 mundavit
340 3186 430 3258 labia
444 3186 646 3277 prophetae,
672 3206 747 3257 non
762 3184 950 3260 mundavit
970 3198 1088 3256 autem
1107 3184 1203 3257 labia

134 3284 279 3379 populi.
333 3282 520 3358 Confessus
550 3284 601 3358 est
624 3287 718 3359 enim
743 3283 836 3377 ipse,
861 3284 1040 3356 immunda
1054 3283 1146 3356 labia
1168 3281 1204 3357 se

133 3385 290 3464 habere,
317 3384 402 3458 &in
418 3385 538 3458 medio
551 3386 696 3478 populi,
724 3382 902 3456 immunda
915 3382 1007 3455 iahia
1024 3383 1202 3474 habentis,

133 3481 311 3558 habitare.
363 3484 432 3555 Sed
452 3485 539 3574 hoc,
567 3483 664 3573 quod
683 3480 818 3558 missum
832 3482 884 3557 est
899 3479 1098 3576 Seraphim,
1123 3504 1203 3556 non

129 3582 309 3675 judicavit
332 3582 458 3679 dignos
483 3581 552 3655 eise
576 3584 620 3655 de
638 3586 798 3679 populo,
824 3594 866 3653 ut
891 3579 1088 3656 &iliorum
1107 3583 1203 3656 labia

133 3681 365 3773 emundaret,
398 3682 431 3753 dc
455 3682 592 3755 idcirco
623 3682 740 3757 adhuc
761 3681 868 3773 impie
894 3695 1025 3775 agunt,
1060 3682 1202 3755 idcirco

134 3782 255 3856 adhuc
282 3781 445 3855 Domino
469 3803 552 3855 rnen
576 3779 656 3874 Jesu
676 3779 819 3854 Christo
837 3796 1056 3878 repugnant,
1083 3784 1200 3855 adhuc

131 3881 166 3955 ei
190 3880 408 3955 maledicunt
432 3881 619 3956 immundis
640 3881 751 3955 labiis.
804 3877 884 3977 Ego
908 3894 1027 3956 autem
1044 3879 1199 3975 prec'or,

130 3993 176 4053 ut
191 3981 341 4053 veniens
358 3980 561 4074 Seraphim,
589 3979 760 4054 emundet
776 3981 869 4054 labia
885 4001 974 4057 mea.
1126 4061 1132 4072 ,
1263 4011 1265 4016 ·

211 4099 245 4167 5.
277 4082 322 4151 Et
335 4104 431 4174 regem
446 4077 619 4152 Dominum
636 4079 780 4152 Sabaoth
793 4080 866 4151 uidi
876 4082 970 4151 oculis
985 4081 1072 4151 meis.
1126 4075 1199 4151 Ciu·

133 4199 213 4253 non
227 4179 383 4252 dicamus
399 4177 604 4274 inpraesenti
616 4179 848 4253 traditionem
862 4179 1044 4270 quamdam
1058 4177 1199 4272 Judaeo·

131 4299 214 4359 rum
233 4279 456 4360 verifimiiem
477 4277 640 4377 quidem,
665 4286 737 4352 nec
752 4292 873 4360 tamen
891 4298 1031 4362 veram,
1056 4279 1092 4350 dt
1108 4275 1212 4359 totu.

626 4371 666 4461 t·
693 4402 717 4480 3
768 4387 770 4394 '
1018 4381 1204 4461 taonem·

1247 4571 1293 4633 ,ι
