2734 4859
360 607 402 696 H
427 607 464 688 0
488 607 734 692 MILIA
781 609 810 694 Ι.
1075 640 1122 720 35

141 793 154 850 ι
187 785 258 850 tua
294 773 459 872 obligata
490 771 563 870 cst,
588 795 709 872 neque
734 797 916 872 quoquam
941 777 1122 862 vitiorum

141 872 377 972 eretincria,
402 887 510 969 potes
526 895 827 971 amoremcapere
841 876 1042 972 spiritalem.
1067 881 1123 960 Ito

141 979 153 1076 i
176 975 329 1068 sumus,
354 975 438 1068 quia
462 977 770 1071 evenitoccasro,
797 993 839 1052 ut
854 977 899 1053 de
916 1001 1039 1056 amore
1054 979 1122 1076 spi·

149 1075 280 1168 aliqua
296 1075 509 1166 diceremus.
558 1074 718 1172 Expedit
735 1092 854 1154 autem
871 1081 1002 1172 nobis,
1019 1079 1122 1156 Salo·

174 1171 365 1250 ctrstodire
381 1189 629 1270 preceptum,
655 1177 690 1250 dr
709 1180 818 1275 magis
836 1179 951 1272 illius,
978 1181 1037 1272 qui
1054 1201 1121 1276 per

141 1297 284 1352 nonem
294 1277 516 1368 loquebatur
530 1276 576 1349 de
589 1273 781 1374 sapientia,
807 1278 857 1352 ita
869 1279 1010 1352 dicens:
1035 1285 1121 1354 Aua

141 1431 148 1469 ,
174 1375 434 1466 &servabitur
458 1378 615 1448 circumda
629 1379 733 1462 isam,
762 1377 799 1452 θ
815 1379 970 1450 exaltabit
985 1395 1038 1449 le.-
1063 1381 1121 1452 ho·

144 1479 268 1566 isaar,
302 1491 342 1548 ur
365 1495 397 1547 rr
423 1475 641 1572 amplctimur.
702 1473 763 1550 Est
784 1477 924 1569 quidam
952 1473 1118 1573 spiritalis

141 1596 263 1668 exus,
297 1588 405 1667 atque
426 1576 561 1649 utinam
583 1575 792 1673 contingat,
817 1588 860 1650 ut
876 1597 991 1651 meam
1013 1573 1120 1670 spon·

141 1673 271 1748 uerius
288 1672 403 1768 sponfi
419 1677 602 1768 amplexus
623 1676 804 1766 includat,
825 1691 867 1749 ut
882 1695 952 1774 ego
970 1695 1119 1769 quoque

141 1799 164 1850 n
187 1775 335 1870 dicere,
361 1773 460 1866 quod
473 1773 510 1848 in
527 1775 657 1851 eodem
673 1776 769 1849 libro
781 1773 950 1870 scriptum
967 1775 1037 1851 est:
1063 1780 1118 1850 Si-

157 1881 233 1974 ejus
241 1875 302 1965 fieb
315 1879 416 1972 capite
428 1898 507 1962 meo,
531 1871 796 1952 &lucraturus
811 1877 1046 1967 amplexabitur
1057 1901 1116 1950 me.

141 2031 152 2051 .
184 1975 354 2064 osculetur
367 1997 415 2046 me
428 1994 514 2072 ergo
528 1974 625 2066 asculo
639 1982 705 2048 arls
715 1975 781 2064 lul.
832 1971 953 2048 Moris
967 1973 1018 2048 est
1037 1972 1119 2047 scri·

141 2095 255 2167 uum,
282 2075 533 2167 imperativum
550 2073 698 2150 modum
718 2091 786 2168 pro
809 2075 981 2168 optativo
1003 2093 1120 2168 pone·

141 2175 259 2250 nihi:
289 2177 388 2248 Pater
398 2173 520 2272 noster,
544 2180 601 2273 qai
616 2199 648 2248 rs
657 2180 696 2246 in
708 2177 809 2263 coelis,
831 2171 1120 2265 santificatum

141 2297 247 2362 πη,
273 2291 365 2372 pro,
390 2277 526 2350 utinam
541 2270 796 2367 sanctificetur,
824 2272 966 2348 &nunc
981 2276 1120 2370 inprae-

147 2397 159 2448 ι
188 2377 359 2462 osculetur
379 2397 427 2446 nra
444 2375 617 2464 astabam
630 2375 710 2464 lui,
735 2395 805 2468 pro
822 2394 892 2462 e0,
920 2372 1018 2466 quod
1045 2370 1118 2467 est,

141 2497 183 2550 ‚m
201 2471 396 2550 osculetur.
433 2472 577 2548 Deinde
594 2473 771 2567 conspicit
787 2471 962 2568 sponsum.
1001 2471 1119 2547 Venit

141 2592 231 2650 utus
251 2575 470 2672 unguentis:
503 2594 572 2647 nec
601 2575 703 2647 aliter
721 2573 765 2647 ad
788 2568 949 2666 sponsam
970 2585 1120 2665 poterat

141 2697 206 2768 re,
232 2695 303 2748 nec
325 2673 476 2747 decebat
499 2675 601 2747 aliter
622 2689 758 2767 patrem
784 2672 827 2746 ad
848 2673 990 2766 nuptias
1005 2667 1121 2746 lilium

141 2797 237 2850 nare.
290 2773 411 2848 Variis
434 2792 515 2847 eum
537 2774 643 2848 unxit
659 2774 873 2868 unguentis,
908 2771 998 2846 secit
1017 2772 1119 2846 illum

141 2874 245 2948 stum.
287 2871 400 2948 Venit
416 2872 561 2947 diversis
579 2872 755 2946 odoribus
773 2870 929 2965 spirans,
958 2871 991 2944 δι
1007 2869 1120 2952 audit,

141 2977 216 3048 bara
226 2972 323 3044 ubera
335 2973 493 3069 rualuper
508 2979 634 3044 vinum.
662 2972 833 3069 congrue
848 2969 962 3044 sermo
975 2969 1119 3042 divinus

141 3097 154 3149 1
175 3073 404 3165 eandemque
423 3093 498 3148 rem
517 3093 586 3165 pro
606 3073 773 3145 locorum
786 3072 958 3163 qualitate
972 3067 1121 3143 diversis

143 3176 244 3250 bulis
260 3186 454 3265 nuncupat.
504 3170 662 3271 Quando
675 3172 789 3245 hostia
807 3169 961 3243 offertur
977 3169 1012 3241 in
1026 3169 1122 3262 lege,

141 3277 180 3347 ‚lt
199 3271 421 3347 intelletbum
436 3266 646 3363 ostendere,
671 3270 912 3364 pectusculum
931 3266 1123 3362 separatio·

141 3373 273 3446 ffatur.
324 3372 481 3470 Quando
499 3391 592 3445 vero
615 3372 796 3444 recumbit
817 3370 940 3460 aliquis
965 3388 1045 3442 cum
1064 3368 1122 3461 Je-

149 3473 187 3547 dc
218 3469 380 3546 sensuum
410 3473 486 3564 ejus
510 3471 767 3544 communione
793 3470 1017 3563 perfruitur,
1043 3486 1123 3543 non

141 3572 317 3660 isculum,
343 3570 520 3665 utsupra,
545 3567 741 3663 sedpectus
759 3570 963 3659 alloquitur.
1003 3567 1122 3639 Porro

149 3669 284 3765 sponsa
303 3672 464 3763 loquitur
486 3670 528 3743 ad
554 3667 740 3760 sponsum,
768 3671 849 3760 quia
869 3667 1028 3762 nuptiale
1047 3685 1129 3738 car«

153 3771 376 3864 inducitur,
402 3789 476 3842 non
497 3769 767 3863 pectusculum,
803 3770 898 3840 utin
926 3763 1122 3858 sacrificio,

141 3869 294 3968 pestus,
320 3885 362 3942 ut
377 3871 413 3942 in
425 3869 566 3963 Joanne
583 3867 779 3961 discipulo,
805 3865 864 3941 sed
878 3882 919 3939 ut
929 3867 1039 3940 ubera
1056 3886 1124 3938 no·

141 3989 187 4067 2t,
210 3971 357 4044 dicens:
384 3973 474 4063 Quia
489 3972 569 4040 lona
584 3971 678 4040 alera
691 3987 746 4040 ruo
759 3965 847 4063 [uper
860 3974 987 4039 vinum.
1015 3963 1124 4038 Com·

141 4075 198 4146 ica
219 4087 266 4145 ut
279 4065 406 4164 sponsa
420 4089 500 4143 curn
514 4067 667 4143 sensibus
683 4066 820 4161 sponsr,
854 4065 887 4139 u
905 4063 1015 4158 scias,
1042 4063 1124 4152 quia

141 4175 257 4265 nant,
285 4159 791 4262 atquelaetificantistiusmodi
802 4168 993 4262 cogitatus.
1021 4164 1125 4255 Quo·

141 4293 168 4348 o
192 4284 320 4350 autem
346 4268 439 4344 calix
462 4267 612 4346 Domini
637 4269 819 4344 inebrians
842 4286 946 4364 quam
966 4260 1129 4362 optimu

545 4365 620 4441 ca
1006 4363 1090 4474 est,
