2734 4859
374 508 378 521 ’
421 522 798 627 nostrata
845 512 920 632 rr.
1126 531 1200 665 aas
1275 612 1277 615 ,

121 711 215 800 son
229 709 353 818 nun:
378 714 552 788 ommes
565 710 745 812 astucius,
758 695 813 794 'd
826 689 1201 814 solidatus-<flans
1243 746 1252 782 -.

124 817 275 894 asmodi
308 812 369 891 eli
429 814 617 904 Videbaut
645 812 789 907 quidem
812 815 941 894 videre
966 829 1198 902 tunc'crecos

126 915 383 1020 respicientes,
424 916 604 990 rationem
627 927 757 996 autern
788 915 937 994 visionis
967 907 1197 1020 ignorabant

133 1015 347 1098 Audiebant
370 1015 582 1111 parabolas,
610 1034 696 1106 quas
722 1013 950 1094 dissolvebas·-
965 1016 1110 1098 secreto
1131 1019 1206 1101 ills.

129 1109 259 1216 cipulis
284 1115 464 1192 Salvator.
521 1112 588 1209 ipsa
612 1134 706 1190 vero
731 1136 808 1216 non
834 1117 1048 1217 audiebant,
1072 1108 1198 1216 ,nesciss
1226 1123 1228 1128 ’

131 1223 255 1314 entes,
280 1236 358 1310 quae
381 1216 610 1312 dicebantur,
635 1226 790 1312 propter
811 1216 886 1291 hoc
910 1215 1104 1297 testificans
1128 1224 1197 1317 eos

132 1318 240 1394 dixit:
276 1320 346 1412 Qui
368 1316 462 1390 habet
484 1341 577 1390 aures
600 1317 769 1406 audiendi,
801 1320 927 1395 audiat.
987 1319 1074 1395 Nec
1098 1324 1197 1404 enini

132 1417 268 1524 privati
293 1427 396 1518 erant
418 1415 475 1496 his
501 1415 659 1508 auribus,
685 1429 828 1493 utnon
853 1417 1032 1516 audirent,
1057 1420 1117 1498 sed
1141 1422 1197 1502 in·

85 1519 87 1524 ’
130 1519 286 1594 teriores
308 1535 439 1592 eorum
468 1536 569 1589 aures
594 1528 753 1615 gravate
778 1534 881 1593 erant
905 1518 950 1608 ad
968 1518 1195 1603 audiendum.
1211 1533 1216 1555 ³

96 1697 100 1704 ,
131 1617 287 1714 Propter
310 1618 385 1693 hoe
408 1613 579 1712 predicat
603 1616 677 1710 eis,
709 1618 743 1692 dr
768 1638 834 1713 per
856 1617 1074 1714 Prophetanr
1098 1622 1197 1696 futu·

130 1740 170 1796 ra
194 1717 385 1815 praefatur,
423 1716 568 1792 dicens:
612 1719 701 1791 Arre
724 1720 883 1807 audietis,
918 1719 958 1798 σ
983 1740 1056 1794 nm
1072 1722 1197 1796 intelli.

129 1825 240 1922 gatis,
278 1818 317 1896 (5
341 1833 501 1891 tementes
527 1819 710 1915 aspicietis,
752 1817 791 1894 sl
816 1843 883 1890 non
908 1819 1072 1902 videbitis.
1136 1825 1195 1898 In·

87 1937 90 1942 ·
132 1916 300 2016 “affictum
327 1917 366 2019 est
397 1922 482 1989 enim
512 1937 564 1989 cor
592 1917 699 2014 populi
730 1917 837 2017 hujus.
900 1920 1001 2017 Quid
1031 1920 1074 1995 fit
1097 1920 1197 2018 hoc,
1267 1914 1291 1988 ζ

132 2020 234 2116 quod
266 2018 420 2094 dicitur:
457 2016 664 2111 Iunaffitum
695 2017 736 2115 eli
766 2044 817 2092 cor
842 2016 950 2117 popuii
980 2019 1105 2118 hujus,
1120 2083 1125 2090 ,
1141 2013 1198 2097 i'n.

130 2119 329 2217 spiciamus.
381 2116 590 2211 Omnibus,
635 2117 756 2210 quiin
780 2117 1075 2211 presente-vita
1098 2120 1197 2200 curio

128 2219 343 2309 versantur,
391 2215 458 2292 cor
487 2216 711 2293 incrassatum
747 2216 822 2294 est:
856 2219 1084 2300 laudaliter
1116 2222 1197 2321 eis,
1260 2289 1263 2296 .

133 2323 196 2418 qui
222 2326 259 2394 in
283 2317 504 2392 secularibus
531 2335 743 2413 morantur,
780 2316 1005 2395 incralratum
1030 2316 1082 2396 est
1107 2340 1199 2420 cor,

132 2417 286 2518 quamsi
311 2416 455 2511 aspinis
485 2434 694 2493 enecentur.
744 2417 888 2492 idcirco
900 2416 1099 2517 pinguescit
1114 2440 1197 2514 cor,
1265 2460 1268 2467 .

132 2525 169 2598 dt
194 2541 271 2595 non
296 2516 416 2612 potest
443 2518 619 2590 tenuioris
644 2518 785 2612 spiritus
811 2513 986 2613 suscipere
1009 2522 1198 2598 notiones.
1279 2539 1284 2547 “

130 2624 322 2719 Fugiasnus
347 2638 435 2714 ergo
463 2639 482 2690 a
507 2621 636 2693 talibus
663 2620 780 2713 curis,
813 2632 855 2693 ut
879 2631 1103 2705 attenuatum
1129 2639 1199 2693 cor

128 2723 294 2801 nostrum
327 2718 413 2791 Deo
448 2718 667 2813 acceptabile
699 2716 774 2794 fiat.
830 2717 1019 2815 Fugiamus
1052 2734 1200 2795 terrena

131 2821 292 2919 negotia.
355 2816 421 2892 lsta
454 2817 532 2890 sunt
565 2821 683 2907 enim,
716 2820 845 2910 quibus
878 2838 944 2892 cor
977 2805 1198 2916 incrassatus
1286 2888 1288 2892 .

130 2924 289 3015 Propter
313 2918 386 2994 hoc
411 2914 526 2991 sermo
552 2918 687 2991 lubtilis
714 2931 804 3010 erat,
831 2933 872 2992 ut
897 2920 935 2994 in
960 2914 1095 2991 Exodo
1115 2916 1199 2994 scri·

132 3027 232 3100 bitur
258 3019 302 3094 de
328 3038 402 3105 eo,
441 3018 540 3109 quod
565 3017 641 3092 ait:
684 3018 902 3118 Quicunque
927 3017 1063 3092 fuerint
1087 3038 1221 3114 prop-v

134 3140 192 3197 ter
219 3120 429 3194 tenuitatem
446 3119 564 3191 cordis
582 3116 778 3213 eiusmodi,
804 3116 857 3191 isti
873 3116 991 3191 Deum
1006 3117 1200 3198 videbunt.

132 3222 284 3297 Talibus
306 3220 398 3290 eninr
416 3218 530 3290 oculis
548 3218 647 3290 Deus
665 3218 821 3291 videtur.
871 3215 1079 3308 Trinium,
1116 3227 1198 3309 quae

134 3323 321 3396 dicuntur:
350 3317 555 3412 lacroffitum
570 3318 610 3415 esi
625 3323 709 3386 enim
724 3341 774 3387 cor
787 3317 892 3413 populi
905 3316 1021 3415 hujus,
1047 3316 1087 3392 d
1106 3321 1199 3390 auri·

135 3426 192 3496 sur
202 3421 271 3512 [uis
280 3432 427 3513 graviter
438 3422 620 3508 audierunt,
648 3416 687 3493 (5
701 3418 797 3488 oculos
806 3420 882 3506 suos
896 3416 1089 3507 cipufirmt.
1114 3411 1200 3492 Pos-

133 3524 217 3598 sunt
235 3536 353 3594 autem
370 3516 403 3591 dr
419 3518 520 3592 aliter
536 3516 750 3595 manifestius
766 3516 936 3615 intelligi,
967 3536 1046 3610 qua
1058 3517 1133 3592 hoc
1146 3517 1199 3590 di·
1234 3560 1236 3563 ψ

104 3637 266 3695 -cuntur
296 3621 332 3692 in
363 3619 462 3695 loco.
527 3618 637 3691 Multi
662 3619 756 3693 enirn
782 3618 967 3691 hominurn
993 3628 1124 3710 putant
1145 3615 1199 3691 in·

133 3721 324 3818 spicientes
352 3732 546 3811 creaturas,
573 3716 608 3790 br
631 3717 802 3791 mundum
828 3715 929 3790 isturn
953 3717 1201 3813 contemplan-

131 3838 214 3915 tes,
250 3820 375 3895 uidere
402 3816 435 3892 se
462 3841 513 3892 ea.
565 3814 614 3890 Et
640 3818 724 3909 quid
751 3817 834 3888 dico
859 3815 1071 3891 hominurn?
1097 3816 1199 3889 Ecce

133 3924 330 4009 volucres,
367 3919 401 3990 dr
434 3918 674 4010 quadrupedia
708 3917 833 3989 vident
858 3914 969 3990 solem
995 3916 1199 4009 brionam,

134 4023 170 4096 da
201 4018 406 4096 universum
443 4018 541 4093 simul
576 4019 700 4092 caelurn
734 4036 816 4091 curn
847 4014 1026 4093 stellarum
1058 4017 1198 4101 choro,
1242 4044 1244 4047 ⁴

134 4121 194 4197 sed
218 4124 378 4196 rationes
406 4138 532 4194 eorum
556 4115 883 4288 nonYintelligunt,
908 4097 975 4190 soii
1000 4110 1200 4287 verokrsti

691 4237 713 4287 a
