2734 4859
425 621 812 710 momrara
860 585 909 716 u.
1161 671 1210 744 rr

85 822 99 844 .
200 789 302 912 oali
320 793 381 866 arai
394 791 647 912 usumin-sunt.
701 795 928 896 Euespuiosa
948 808 1205 903 proximarum,

85 905 94 1044 3
138 893 549 1088 murieldis
565 893 734 1070 ltili
752 896 915 1074 diri}
933 900 1205 1107 irriiisiiiss

85 1137 89 1158 ·
148 1169 151 1174 ,
211 1095 279 1186 ei,
319 1093 425 1186 quod
446 1115 524 1170 non
545 1095 683 1187 habet,
711 1093 774 1169 suo
796 1102 981 1192 praeconio
1003 1106 1200 1205 largiatur,

85 1215 87 1222 ·
122 1213 131 1232 ··
192 1193 410 1292 intelligens
427 1194 600 1270 decorem
624 1196 701 1289 ejus
726 1210 834 1288 atque
855 1201 1100 1300 conspiciens,
1128 1210 1199 1283 ait:

128 1293 198 1376 ὼε
206 1295 347 1392 sponsus
350 1293 534 1388 fratruelis
548 1319 633 1368 maus
647 1299 787 1394 equidem
800 1301 952 1395 pulcher,
977 1302 1079 1374 lelius
1095 1309 1198 1404 master

130 1393 289 1484 damur.
349 1397 490 1494 Quaero
505 1394 655 1489 loetum,
680 1397 800 1488 inquo
815 1398 961 1492 sponsus
974 1422 1055 1478 cum
1069 1401 1198 1496 sponsa

131 1491 351 1586 aquiescat3
374 1493 437 1589 dr,
470 1496 508 1568 ni
526 1493 655 1590 fallor,
689 1515 823 1590 corpus
844 1499 1036 1574 humanum
1059 1502 1129 1578 est:
1153 1504 1198 1578 sr-

130 1595 262 1686 uidem
286 1595 357 1670 ille
373 1594 413 1666 in
431 1596 624 1692 evangelio
646 1598 866 1690 paralyticus
884 1650 896 1690 ,
923 1601 983 1691 qui
996 1602 1141 1692 jacebat
1157 1605 1197 1679 in

121 1691 230 1788 jado,
259 1693 298 1768 dt
311 1694 417 1768 abire
432 1696 470 1766 in
484 1693 631 1770 domum
652 1692 748 1770 suam
764 1695 906 1770 sublato
925 1701 1075 1794 grabato
1095 1723 1197 1777 voce

127 1791 220 1888 'misus
243 1791 302 1868 est
321 1789 537 1888 salvatoris,
563 1809 754 1885 antequam
777 1793 982 1891 sanaretur,
1009 1798 1114 1894 super
1134 1800 1195 1874 de·

129 1891 758 1989 hicmembrorumsuorumcorpus
766 1899 932 1990 iacebat,
954 1899 1053 1988 quod
1066 1898 1195 1992 postea

128 1989 185 2070 ua·
205 1995 362 2070 virtute
385 1991 575 2070 solidatum
592 1993 654 2068 est.
705 1994 765 2068 Sic
790 2018 860 2092 ego
883 1996 1078 2093 intelligo,
1109 2001 1195 2072 Tala

127 2093 281 2190 wan
301 2111 420 2180 auara,
446 2093 485 2170 dl
503 2097 636 2168 vadcin
651 2096 772 2166 domum
792 2113 892 2170 tuam.
943 2094 1076 2188 Neque
1097 2101 1194 2173 emim

130 2194 250 2270 alhoc
270 2189 373 2268 filius
393 2193 465 2268 Dei
484 2193 529 2268 de
543 2193 745 2270 coelestibus
769 2195 814 2270 ad
834 2211 979 2269 terrena
1001 2196 1196 2272 descende·

127 2307 194 2388 nt,
228 2309 277 2368 ut
298 2293 350 2368 de
371 2291 510 2368 lectulis
527 2297 746 2388 imperaret,
781 2296 815 2370 dc
840 2294 1115 2392 consurgentem
1143 2301 1188 2374 ab

210 2395 367 2470 tatione
382 2392 443 2468 sua
455 2394 527 2468 sine
539 2393 671 2469 letiulo
692 2416 769 2469 non
785 2411 971 2490 pateretur
985 2395 1190 2491 ascendere,

153 2497 234 2592 dc,
263 2495 460 2586 inquiens,
487 2499 658 2588 grabatum
686 2511 800 2578 tuum,
831 2495 871 2572 (ὅ
897 2499 978 2567 vade
1002 2504 1040 2567 in
1068 2501 1192 2569 domum

131 2609 216 2668 m.
271 2592 328 2666 Et
344 2607 387 2666 tu
403 2595 511 2691 igitur
532 2617 551 2667 a
572 2596 753 2692 salvatore
767 2595 930 2689 sanatus,
957 2597 1048 2669 tolle
1069 2598 1193 2695 graba·
1271 2587 1280 2606 ⁸

127 2705 191 2770 tun
205 2709 342 2786 trium,
370 2693 403 2766 dt
423 2694 516 2768 vade
531 2696 568 2768 in
585 2694 732 2769 domum
749 2708 868 2788 tuam,
894 2711 957 2787 ut,
986 2717 1067 2770 cum
1087 2698 1131 2770 ad
1155 2710 1194 2770 te

125 2797 220 2868 uelut
239 2790 411 2888 sponsam
428 2785 573 2867 iacuerit
589 2793 761 2888 sponsus,
790 2795 823 2869 &
846 2796 883 2868 in
903 2817 949 2868 eo
972 2809 1092 2870 tecum
1117 2797 1197 2870 sue·

125 2895 165 2968 n't
178 2895 406 2988 reclinatUS,
432 2893 546 2968 dicas:
574 2895 651 2966 Ecce
659 2894 788 2992 sponsus
806 2895 984 2988 fratruelis
1000 2922 1086 2966 maur
1105 2902 1196 2994 equi.

126 2995 186 3066 dm
199 2995 363 3092 pulcher,
388 2990 554 3066 acclinatio
569 2995 672 3169 agira
688 2997 839 3079 umbrosa.
889 2991 989 3068 Ecce
1014 2993 1194 3089 speciosus

125 3093 304 3168 fratruelis
329 3115 458 3189 meus,
492 3092 566 3186 ipse
654 3093 832 3189 speciosus
859 3092 910 3167 est
938 3094 1195 3172 &umbrosua

125 3197 181 3270 la
200 3197 290 3268 uiam
310 3194 443 3288 quippe
462 3191 512 3284 sul
525 3217 592 3266 nom
607 3210 680 3268 uret
699 3210 750 3278 tc,
778 3219 877 3293 neque
896 3196 976 3266 tuna
990 3216 1047 3291 par
1061 3193 1196 3271 nuliam.

191 3316 231 3386 5.
271 3287 582 3367 'Taurasinorum
609 3295 788 3392 nostrorum
811 3297 918 3382 cadri,
956 3294 1194 3369 multitudinis

123 3397 234 3470 verba
258 3391 356 3469 sunt.
404 3393 588 3468 Videntur
609 3410 728 3467 autem
749 3395 835 3469 mihi
856 3395 924 3466 viri
953 3394 1029 3466 haec
1049 3396 1193 3490 dicere,

123 3497 177 3588 qui
194 3514 286 3568 cum
306 3491 437 3587 sponso
451 3491 554 3588 sunt,
580 3495 626 3568 de
641 3495 770 3586 quibus
792 3492 952 3587 superius
973 3491 1088 3567 sermo
1110 3514 1199 3586 prae·

121 3594 212 3670 latus
232 3591 302 3668 est.
353 3592 496 3667 Domus
518 3595 673 3668 cedrinis
691 3595 852 3667 trabibus
867 3595 1016 3666 intcxtae
1032 3592 1133 3685 sunt,
1161 3593 1197 3665 dc

122 3691 290 3790 cypreffis
306 3693 539 3790 contignata.
589 3692 771 3785 Siquidem
787 3713 856 3788 pro
868 3691 956 3766 stibe
969 3691 1125 3764 ascendit
1137 3712 1199 3783 cy·

120 3793 280 3887 pressus,
308 3790 346 3864 oa
366 3813 436 3887 pro
455 3794 585 3866 coniza
610 3792 768 3867 ascendit
789 3809 940 3885 myrtus.
991 3792 1196 3885 Requirens

119 3893 254 3990 igtur,
281 3893 387 3986 cuius
401 3909 540 3966 nature
550 3887 617 3967 ista
630 3892 711 3966 sunt
730 3894 843 3989 ligna,
871 3891 1066 3966 &cedrum
1082 3893 1197 3983 impu·

120 3993 301 4085 cubilem,
329 3993 365 4066 dc
381 3991 584 4086 cypressum
604 3992 730 4066 odoris
749 3992 877 4085 optimi
899 3990 1196 4084 deprehendens,

119 4095 243 4169 labora
259 4091 296 4168 oz
312 4106 386 4184 tu,
411 4093 466 4166 ita
484 4095 695 4191 contignare
713 4092 859 4166 domum
877 4104 1004 4185 tuam,
1030 4104 1073 4163 ut
1091 4089 1136 4161 de
1156 4101 1195 4160 te

121 4215 266 4289 quoque
283 4192 397 4288 poffit
410 4190 500 4266 dici:
530 4189 648 4268 Trabes
661 4195 807 4268 domama
825 4191 1005 4292 auflaarum
1023 4192 1129 4282 cadri,
1156 4183 1197 4264 u

121 4299 378 4398 manationes
391 4292 507 4393 nolim
525 4291 662 4396 cuprff.

85 4461 87 4478 .
586 4389 675 4466 Da
1020 4395 1163 4488 ouon
