2734 4859
131 182 1234 428 .-

348 598 858 687 nonnullis.
996 627 1026 702 Q
1076 625 1148 698 411

131 793 179 864 rr,
204 768 353 847 &omni
370 770 609 847 immunditie.
641 769 755 845 Vidn
771 771 864 844 enim
879 765 1051 867 gentiles,
1075 787 1151 863 quo

131 867 206 947 atio
238 870 333 963 quafi
353 872 493 968 egregia
514 870 674 945 facinora
697 870 876 947 interdum
905 883 1051 946 narrem
1073 870 1151 948 ltu

131 974 363 1046 ›micationes
386 971 420 1044 u
445 972 643 1064 adulteria,
668 965 786 1061 neque
808 968 941 1066 pudeat
962 966 1153 1064 confiteri,

131 1099 137 1145 ε
158 1073 242 1145 talia
262 1066 419 1163 patralie.
467 1070 551 1144 Nee
571 1071 629 1145 illa
651 1082 799 1164 peccata
822 1080 987 1162 uocant,
1018 1069 1152 1160 pedum

131 1168 336 1261 rubescant,
375 1190 492 1261 neque
518 1170 774 1244 consumuntur
798 1166 953 1262 ipsorum
984 1169 1153 1263 labores,

131 1291 219 1362 eque
238 1268 632 1345 consumuntureorum
649 1282 808 1363 peecata.
858 1265 1071 1362 Principium
1086 1272 1153 1348 bo·v
1281 1309 1282 1314 Ν

131 1390 234 1444 orum
253 1368 322 1460 est,
347 1370 487 1460 pudore
503 1367 591 1443 affici
606 1371 655 1443 ob
675 1391 739 1461 ea,
771 1387 924 1460 quorum
944 1389 1028 1448 non¹
1042 1369 1153 1464 pude-

130 1483 179 1546 ab
236 1469 480 1568 Quamobrem
502 1491 570 1565 ego
593 1490 669 1543 non
690 1465 967 1542 malediliiorem
988 1467 1152 1544 existimo

131 1569 162 1662 l,
187 1570 286 1662 quod
305 1569 341 1642 in
360 1569 545 1661 prophetis
560 1569 730 1642 habetur:
758 1563 1010 1660 assumantur
1024 1567 1063 1644 σ
1080 1591 1154 1640 cort·

131 1683 279 1740 artantur
299 1667 471 1757 retrorsum
489 1693 619 1760 omnes,
651 1673 705 1765 qui
729 1668 861 1739 oderunt
882 1670 972 1740 Sim.
1029 1665 1155 1742 Preca-

131 1787 167 1840 ur
186 1768 305 1859 enim,
329 1781 394 1855 ut,
421 1767 480 1858 qui
497 1765 746 1861 pudendorum
764 1786 914 1862 operum
930 1763 1062 1842 sensum
1077 1768 1155 1840 nul-

131 1887 180 1939 lm
198 1867 352 1956 habent,
378 1865 402 1937 ii
427 1866 557 1941 sensum
578 1866 775 1960 accipiant,
808 1879 850 1943 ut
873 1865 1012 1941 conlltfi
1026 1865 1157 1963 pollint

131 1986 188 2037 tos
201 1966 342 2039 labores
364 1964 559 2058 &peccata
576 1965 796 2040 consumere.
914 2017 918 2022 -
1019 2043 1022 2048 ,

178 2067 213 2137 6.
238 2063 462 2138 irrationales
479 2085 591 2157 porro
611 2077 753 2158 patrum
767 2065 1051 2140 motusvocauit
1063 2083 1158 2140 ovea

131 2184 148 2237 t
165 2163 330 2256 vitulos,
361 2184 477 2256 neque
493 2166 586 2239 enim
601 2165 722 2239 omnia
737 2163 841 2239 bruta
855 2165 1064 2246 laudabilia,
1097 2164 1158 2238 sed

131 2277 188 2336 mt
206 2265 310 2336 bruta
328 2266 484 2355 quadam
507 2263 610 2362 digna
627 2263 843 2357 vituperio,
874 2265 964 2339 srcut
984 2284 1076 2337 oves
1098 2285 1159 2358 pa·

131 2382 222 2452 roro,
251 2362 311 2453 qui
332 2378 593 2457 peccaverant:
623 2362 705 2437 sunt
728 2376 848 2438 autem
874 2365 1030 2456 quaedam
1051 2363 1160 2441 bruta

131 2461 349 2556 tudedigna‚
370 2463 472 2554 juxta
486 2464 590 2537 illud:
616 2467 701 2537 Oves
711 2467 1159 2543 meaevocammaudt'unr.

131 2561 330 2634 >reserant
351 2562 456 2635 etiam
476 2564 556 2652 hae,
592 2563 720 2653 quibus
745 2583 821 2636 non
843 2562 1030 2637 absimilem
1051 2565 1160 2638 habe·

131 2662 399 2754 librationem,
425 2661 595 2734 habentes
616 2661 790 2755 pastorem
814 2663 950 2736 bonum
971 2663 1018 2735 in,
1031 2665 1161 2737 anima·

133 2780 174 2831 us
196 2757 337 2836 nostris.
386 2761 542 2857 Quando
561 2762 657 2834 enim
672 2758 839 2834 Salvator
854 2763 918 2835 ait:
949 2763 1012 2853 Ego
1021 2763 1091 2847 sum
1101 2785 1162 2860 μ.

131 2861 294 2946 orbertus,
319 2879 395 2932 non
410 2873 547 2933 tantum
561 2875 601 2930 ut
616 2861 761 2952 ceteri,
785 2857 951 2934 universe
968 2858 1096 2934 dibium
1107 2861 1162 2934 in·

131 2958 256 3055 alligo,
288 2979 370 3033 eum
396 2980 524 3051 nempe
550 2955 620 3032 elle
646 2957 821 3051 pastorem
846 2958 1092 3050 credentium,
1124 2960 1161 3034 δι

131 3078 186 3129 roc
208 3058 300 3132 enim
322 3056 439 3132 sanum
460 3057 510 3132 est
525 3058 558 3131 ot
576 3078 702 3131 verum
720 3082 733 3148 3
759 3057 866 3133 sod&
889 3058 926 3132 in
945 3080 1023 3132 mea
1046 3060 1162 3134 anima

131 3158 227 3231 ebeo
247 3156 421 3247 Christum
433 3160 529 3232 intus
546 3158 700 3249 habere,
726 3160 862 3232 bonum
879 3158 1074 3251 pastorem,
1100 3160 1163 3251 qui

131 3278 215 3329 nme
226 3270 326 3353 regat
339 3274 459 3331 motus
474 3259 720 3350 irrationales,
744 3275 792 3331 ne
802 3259 949 3352 amplius
961 3257 1005 3329 ad
1019 3256 1162 3352 pascua,

131 3372 155 3427 it
170 3356 266 3429 casus
286 3359 427 3450 tulerit,
454 3372 605 3451 exeant,
631 3355 691 3430 sed
713 3354 889 3450 apastore
909 3355 1030 3450 dubii,
1056 3358 1161 3450 ipsius

131 3455 250 3547 iroprii
281 3452 397 3544 fiant,
432 3459 490 3549 qui
521 3461 565 3530 ab
599 3478 645 3529 eo
682 3456 787 3529 alieni
818 3456 1008 3550 aliquando
1048 3472 1161 3536 eraut.
1207 3535 1209 3540 .

131 3556 359 3653 Quamobrem
381 3554 519 3636 linunt
534 3556 576 3630 sit
587 3557 623 3629 in
638 3576 696 3630 nre
715 3554 860 3647 pastor,
893 3558 951 3647 qui
971 3569 1072 3653 regat
1087 3556 1164 3631 sen·

131 3654 170 3725 'us
195 3674 320 3747 meos,
356 3675 433 3727 non
455 3656 601 3750 amplius
620 3652 763 3729 subsunt
789 3655 899 3728 menti
921 3655 1063 3748 allenae,
1100 3660 1163 3732 vel

131 3754 315 3847 2haraoni,
341 3756 402 3828 vel
422 3752 796 3847 Nabuchodonosori‚
821 3752 881 3828 sed
899 3755 1000 3827 bono
1017 3753 1162 3849 pastori.

194 3873 229 3947 7.
256 3853 304 3926 Et
316 3854 449 3954 cosafufro
461 3855 639 3952 tonsumpsst
660 3854 776 3925 talam
787 3871 917 3951 patrum
936 3855 1107 3954 uoflrmm
1122 3858 1163 3927 ab

131 3953 315 4043 molestentur
329 3979 449 4040 eornm,
475 3978 545 4025 oves
559 3978 663 4025 eorum
678 3955 718 4030 U
732 3953 819 4024 boues
837 3977 950 4029 enum.
1000 3952 1062 4028 Est
1079 3956 1164 4047 quid

131 4053 300 4145 anobis,
327 4053 424 4147 quod
447 4069 577 4129 terram
596 4049 752 4128 nostram
770 4053 888 4144 colit,
920 4049 979 4127 sed
995 4053 1057 4126 vel
1071 4055 1163 4129 male
1256 4122 1258 4126 .

131 4157 227 4248 :olit,
254 4154 385 4230 simale
404 4154 526 4227 colere
545 4151 717 4227 dicendus
733 4148 784 4224 est
799 4154 973 4252 agricola,
997 4151 1177 4227 velbene·

131 4258 219 4332 :olit
276 4254 314 4330 Si
343 4267 431 4353 ergo
450 4254 543 4331 male
568 4252 692 4348 colit,
721 4250 827 4342 labor
847 4251 899 4329 eli
918 4264 1057 4425 pagrum
1079 4270 1168 4344 conf

703 4377 707 4382 ·
976 4363 1132 4446 umptuu
