<?xml version="1.0" encoding="UTF-8"?>
<!DOCTYPE html PUBLIC "-//W3C//DTD XHTML 1.0 Transitional//EN"
    "http://www.w3.org/TR/xhtml1/DTD/xhtml1-transitional.dtd">
<html xmlns="http://www.w3.org/1999/xhtml" xml:lang="en" lang="en">
 <head>
  <title>
</title>
<meta http-equiv="Content-Type" content="text/html;charset=utf-8" />
  <meta name='ocr-system' content='tesseract 3.04.00' />
  <meta name='ocr-capabilities' content='ocr_page ocr_carea ocr_par ocr_line ocrx_word'/>
</head>
<body>
  <div class='ocr_page' id='page_1' title='image "./operaomniasanct06unkngoog_0183.png"; bbox 0 0 2734 4859; ppageno 0'>
   <div class='ocr_carea' id='block_1_1' title="bbox 425 567 1210 712">
    <p class='ocr_par' dir='ltr' id='par_1_1' title="bbox 425 567 1210 712">
     <span class='ocr_line' id='line_1_1' title="bbox 425 567 1210 712; baseline 0.01 -40"><span class='ocrx_word' id='word_1_1' title='bbox 425 677 432 684; x_wconf 74' lang='grc'>,</span> <span class='ocrx_word' id='word_1_2' title='bbox 498 567 849 712; x_wconf 70' lang='lat' dir='ltr'>unnim.</span> <span class='ocrx_word' id='word_1_3' title='bbox 907 685 909 690; x_wconf 47' lang='grc'>,</span> <span class='ocrx_word' id='word_1_4' title='bbox 1066 615 1210 698; x_wconf 65' lang='lat' dir='ltr'>‚m</span> 
     </span>
    </p>
   </div>
   <div class='ocr_carea' id='block_1_2' title="bbox 126 754 1227 4157">
    <p class='ocr_par' dir='ltr' id='par_1_2' title="bbox 126 754 1227 2663">
     <span class='ocr_line' id='line_1_2' title="bbox 133 754 1210 860; baseline 0.012 -31"><span class='ocrx_word' id='word_1_5' title='bbox 133 754 315 856; x_wconf 84' lang='lat' dir='ltr'>produxit</span> <span class='ocrx_word' id='word_1_6' title='bbox 326 755 479 832; x_wconf 84' lang='lat' dir='ltr'>animam</span> <span class='ocrx_word' id='word_1_7' title='bbox 492 755 1029 860; x_wconf 72' lang='lat' dir='ltr'>viventemsecundumgcnur,</span> <span class='ocrx_word' id='word_1_8' title='bbox 1054 763 1210 856; x_wconf 66' lang='lat' dir='ltr'>quadro</span> 
     </span>
     <span class='ocr_line' id='line_1_3' title="bbox 134 855 1209 962; baseline 0.007 -30"><span class='ocrx_word' id='word_1_9' title='bbox 134 859 264 954; x_wconf 82' lang='lat' dir='ltr'>podia,</span> <span class='ocrx_word' id='word_1_10' title='bbox 293 858 527 952; x_wconf 84' lang='lat' dir='ltr'>&amp;repentia‚</span> <span class='ocrx_word' id='word_1_11' title='bbox 553 855 734 934; x_wconf 83' lang='lat' dir='ltr'>&amp;bestias</span> <span class='ocrx_word' id='word_1_12' title='bbox 757 877 874 937; x_wconf 73' lang='lat' dir='ltr'>terre.</span> <span class='ocrx_word' id='word_1_13' title='bbox 926 858 1209 962; x_wconf 70' lang='lat' dir='ltr'>onnon-igitur</span> 
     </span>
     <span class='ocr_line' id='line_1_4' title="bbox 133 955 1207 1056; baseline 0.004 -22"><span class='ocrx_word' id='word_1_14' title='bbox 133 961 171 1034; x_wconf 90' lang='lat' dir='ltr'>in</span> <span class='ocrx_word' id='word_1_15' title='bbox 186 955 355 1052; x_wconf 79' lang='lat' dir='ltr'>praesenti</span> <span class='ocrx_word' id='word_1_16' title='bbox 371 959 461 1032; x_wconf 89' lang='lat' dir='ltr'>loco</span> <span class='ocrx_word' id='word_1_17' title='bbox 480 958 670 1036; x_wconf 90' lang='lat' dir='ltr'>illuminari</span> <span class='ocrx_word' id='word_1_18' title='bbox 691 956 817 1054; x_wconf 87' lang='lat' dir='ltr'>sponsa</span> <span class='ocrx_word' id='word_1_19' title='bbox 835 960 1010 1037; x_wconf 77' lang='lat' dir='ltr'>uellent</span> <span class='ocrx_word' id='word_1_20' title='bbox 1021 961 1207 1056; x_wconf 72' lang='lat' dir='ltr'>plnosel·</span> 
     </span>
     <span class='ocr_line' id='line_1_5' title="bbox 136 1060 1207 1159; baseline 0.006 -25"><span class='ocrx_word' id='word_1_21' title='bbox 136 1061 245 1135; x_wconf 81' lang='lat' dir='ltr'>entiae</span> <span class='ocrx_word' id='word_1_22' title='bbox 269 1061 430 1151; x_wconf 85' lang='lat' dir='ltr'>lumine,</span> <span class='ocrx_word' id='word_1_23' title='bbox 460 1079 509 1132; x_wconf 89' lang='lat' dir='ltr'>nc</span> <span class='ocrx_word' id='word_1_24' title='bbox 530 1080 597 1155; x_wconf 87' lang='lat' dir='ltr'>per</span> <span class='ocrx_word' id='word_1_25' title='bbox 618 1060 832 1153; x_wconf 84' lang='lat' dir='ltr'>imperitiam</span> <span class='ocrx_word' id='word_1_26' title='bbox 855 1081 998 1154; x_wconf 79' lang='lat' dir='ltr'>emens,</span> <span class='ocrx_word' id='word_1_27' title='bbox 1023 1064 1061 1136; x_wconf 89' lang='lat' dir='ltr'>in</span> <span class='ocrx_word' id='word_1_28' title='bbox 1081 1066 1207 1159; x_wconf 83' lang='lat' dir='ltr'>aliquo</span> 
     </span>
     <span class='ocr_line' id='line_1_6' title="bbox 135 1156 1207 1258; baseline 0.005 -24"><span class='ocrx_word' id='word_1_29' title='bbox 135 1157 254 1234; x_wconf 80' lang='lat' dir='ltr'>similia</span> <span class='ocrx_word' id='word_1_30' title='bbox 277 1156 455 1233; x_wconf 86' lang='lat' dir='ltr'>efficiatur</span> <span class='ocrx_word' id='word_1_31' title='bbox 471 1159 543 1233; x_wconf 82' lang='lat' dir='ltr'>illia</span> <span class='ocrx_word' id='word_1_32' title='bbox 562 1157 923 1256; x_wconf 73' lang='lat' dir='ltr'>doctorumscholis,</span> <span class='ocrx_word' id='word_1_33' title='bbox 949 1183 1029 1255; x_wconf 73' lang='lat' dir='ltr'>que</span> <span class='ocrx_word' id='word_1_34' title='bbox 1042 1184 1120 1239; x_wconf 88' lang='lat' dir='ltr'>non</span> <span class='ocrx_word' id='word_1_35' title='bbox 1138 1180 1207 1258; x_wconf 81' lang='lat' dir='ltr'>per</span> 
     </span>
     <span class='ocr_line' id='line_1_7' title="bbox 134 1257 1208 1360; baseline 0.006 -28"><span class='ocrx_word' id='word_1_36' title='bbox 134 1259 243 1352; x_wconf 88' lang='lat' dir='ltr'>ipsam</span> <span class='ocrx_word' id='word_1_37' title='bbox 256 1257 333 1333; x_wconf 91' lang='lat' dir='ltr'>Dei</span> <span class='ocrx_word' id='word_1_38' title='bbox 346 1257 571 1354; x_wconf 78' lang='lat' dir='ltr'>sapientiam,</span> <span class='ocrx_word' id='word_1_39' title='bbox 595 1257 656 1334; x_wconf 90' lang='lat' dir='ltr'>sed</span> <span class='ocrx_word' id='word_1_40' title='bbox 669 1279 735 1354; x_wconf 87' lang='lat' dir='ltr'>per</span> <span class='ocrx_word' id='word_1_41' title='bbox 746 1260 1045 1356; x_wconf 82' lang='lat' dir='ltr'>philosophorum</span> <span class='ocrx_word' id='word_1_42' title='bbox 1061 1263 1094 1337; x_wconf 81' lang='lat' dir='ltr'>dt</span> <span class='ocrx_word' id='word_1_43' title='bbox 1108 1263 1208 1360; x_wconf 81' lang='lat' dir='ltr'>prin·</span> 
     </span>
     <span class='ocr_line' id='line_1_8' title="bbox 135 1357 1227 1460; baseline 0.005 -28"><span class='ocrx_word' id='word_1_44' title='bbox 135 1359 256 1454; x_wconf 86' lang='lat' dir='ltr'>cipum</span> <span class='ocrx_word' id='word_1_45' title='bbox 278 1357 387 1454; x_wconf 84' lang='lat' dir='ltr'>hujus</span> <span class='ocrx_word' id='word_1_46' title='bbox 404 1359 525 1436; x_wconf 90' lang='lat' dir='ltr'>mundi</span> <span class='ocrx_word' id='word_1_47' title='bbox 543 1375 773 1437; x_wconf 82' lang='lat' dir='ltr'>exercentur.</span> <span class='ocrx_word' id='word_1_48' title='bbox 824 1361 911 1436; x_wconf 87' lang='lat' dir='ltr'>Hoc</span> <span class='ocrx_word' id='word_1_49' title='bbox 932 1363 1026 1437; x_wconf 81' lang='lat' dir='ltr'>enirn</span> <span class='ocrx_word' id='word_1_50' title='bbox 1048 1360 1227 1460; x_wconf 63' lang='lat' dir='ltr'>tropo·</span> 
     </span>
     <span class='ocr_line' id='line_1_9' title="bbox 134 1458 1208 1561; baseline 0 -25"><span class='ocrx_word' id='word_1_51' title='bbox 134 1458 249 1536; x_wconf 79' lang='lat' dir='ltr'>stolus</span> <span class='ocrx_word' id='word_1_52' title='bbox 265 1459 387 1536; x_wconf 84' lang='lat' dir='ltr'>dicere</span> <span class='ocrx_word' id='word_1_53' title='bbox 402 1459 547 1534; x_wconf 85' lang='lat' dir='ltr'>videtur</span> <span class='ocrx_word' id='word_1_54' title='bbox 560 1459 599 1534; x_wconf 89' lang='lat' dir='ltr'>in</span> <span class='ocrx_word' id='word_1_55' title='bbox 617 1481 679 1554; x_wconf 89' lang='lat' dir='ltr'>co,</span> <span class='ocrx_word' id='word_1_56' title='bbox 703 1459 766 1535; x_wconf 89' lang='lat' dir='ltr'>ubi</span> <span class='ocrx_word' id='word_1_57' title='bbox 781 1458 845 1555; x_wconf 79' lang='lat' dir='ltr'>ait,</span> <span class='ocrx_word' id='word_1_58' title='bbox 871 1462 954 1556; x_wconf 88' lang='lat' dir='ltr'>quia</span> <span class='ocrx_word' id='word_1_59' title='bbox 963 1463 1123 1561; x_wconf 70' lang='lat' dir='ltr'>loquimur</span> <span class='ocrx_word' id='word_1_60' title='bbox 1137 1465 1208 1536; x_wconf 77' lang='lat' dir='ltr'>liri</span> 
     </span>
     <span class='ocr_line' id='line_1_10' title="bbox 130 1559 1207 1660; baseline 0.001 -27"><span class='ocrx_word' id='word_1_61' title='bbox 130 1559 327 1659; x_wconf 72' lang='lat' dir='ltr'>sapientiem</span> <span class='ocrx_word' id='word_1_62' title='bbox 338 1567 378 1632; x_wconf 82' lang='lat' dir='ltr'>in</span> <span class='ocrx_word' id='word_1_63' title='bbox 391 1561 532 1660; x_wconf 71' lang='lat' dir='ltr'>mysterio</span> <span class='ocrx_word' id='word_1_64' title='bbox 544 1560 777 1654; x_wconf 71' lang='lat' dir='ltr'>absconditam,</span> <span class='ocrx_word' id='word_1_65' title='bbox 810 1586 905 1660; x_wconf 75' lang='lat' dir='ltr'>quam</span> <span class='ocrx_word' id='word_1_66' title='bbox 919 1585 1010 1633; x_wconf 79' lang='lat' dir='ltr'>nemo</span> <span class='ocrx_word' id='word_1_67' title='bbox 1025 1566 1207 1658; x_wconf 68' lang='lat' dir='ltr'>principun</span> 
     </span>
     <span class='ocr_line' id='line_1_11' title="bbox 133 1657 1207 1761; baseline 0.002 -28"><span class='ocrx_word' id='word_1_68' title='bbox 133 1661 233 1760; x_wconf 69' lang='lat' dir='ltr'>lajas</span> <span class='ocrx_word' id='word_1_69' title='bbox 250 1663 538 1756; x_wconf 73' lang='lat' dir='ltr'>mandicognovin</span> <span class='ocrx_word' id='word_1_70' title='bbox 585 1659 636 1737; x_wconf 83' lang='lat' dir='ltr'>Et</span> <span class='ocrx_word' id='word_1_71' title='bbox 650 1659 781 1736; x_wconf 86' lang='lat' dir='ltr'>iterum</span> <span class='ocrx_word' id='word_1_72' title='bbox 790 1663 867 1737; x_wconf 80' lang='lat' dir='ltr'>haec</span> <span class='ocrx_word' id='word_1_73' title='bbox 881 1660 1006 1738; x_wconf 83' lang='lat' dir='ltr'>eadem</span> <span class='ocrx_word' id='word_1_74' title='bbox 1016 1657 1207 1761; x_wconf 76' lang='lat' dir='ltr'>fignificat,</span> 
     </span>
     <span class='ocr_line' id='line_1_12' title="bbox 134 1761 1207 1862; baseline 0 -28"><span class='ocrx_word' id='word_1_75' title='bbox 134 1781 217 1836; x_wconf 86' lang='lat' dir='ltr'>cum</span> <span class='ocrx_word' id='word_1_76' title='bbox 243 1761 350 1836; x_wconf 76' lang='lat' dir='ltr'>dicitt</span> <span class='ocrx_word' id='word_1_77' title='bbox 382 1763 464 1836; x_wconf 84' lang='lat' dir='ltr'>Non</span> <span class='ocrx_word' id='word_1_78' title='bbox 483 1767 571 1834; x_wconf 81' lang='lat' dir='ltr'>enim</span> <span class='ocrx_word' id='word_1_79' title='bbox 587 1763 745 1861; x_wconf 73' lang='lat' dir='ltr'>spirim</span> <span class='ocrx_word' id='word_1_80' title='bbox 761 1762 864 1862; x_wconf 76' lang='lat' dir='ltr'>hujus</span> <span class='ocrx_word' id='word_1_81' title='bbox 888 1763 1002 1836; x_wconf 65' lang='lat' dir='ltr'>mulii</span> <span class='ocrx_word' id='word_1_82' title='bbox 1015 1767 1207 1856; x_wconf 58' lang='lat' dir='ltr'>nemim,</span> 
     </span>
     <span class='ocr_line' id='line_1_13' title="bbox 129 1861 1210 1964; baseline 0.001 -34"><span class='ocrx_word' id='word_1_83' title='bbox 129 1861 182 1952; x_wconf 67' lang='grc' dir='ltr'><em>Μ</em></span> <span class='ocrx_word' id='word_1_84' title='bbox 195 1861 374 1964; x_wconf 75' lang='lat' dir='ltr'>spirirum,</span> <span class='ocrx_word' id='word_1_85' title='bbox 428 1866 465 1933; x_wconf 78' lang='lat' dir='ltr'>ui</span> <span class='ocrx_word' id='word_1_86' title='bbox 478 1887 519 1935; x_wconf 83' lang='lat' dir='ltr'>cx</span> <span class='ocrx_word' id='word_1_87' title='bbox 535 1867 605 1936; x_wconf 78' lang='lat' dir='ltr'>Deo</span> <span class='ocrx_word' id='word_1_88' title='bbox 621 1862 681 1962; x_wconf 62' lang='lat' dir='ltr'>cli,</span> <span class='ocrx_word' id='word_1_89' title='bbox 712 1862 918 1955; x_wconf 68' lang='lat' dir='ltr'>nesciamus,</span> <span class='ocrx_word' id='word_1_90' title='bbox 944 1886 1047 1962; x_wconf 71' lang='lat' dir='ltr'>quaa</span> <span class='ocrx_word' id='word_1_91' title='bbox 1063 1865 1133 1937; x_wconf 72' lang='lat' dir='ltr'>Dio</span> <span class='ocrx_word' id='word_1_92' title='bbox 1154 1864 1210 1932; x_wconf 77' lang='lat' dir='ltr'>dc·</span> 
     </span>
     <span class='ocr_line' id='line_1_14' title="bbox 130 1957 1204 2062; baseline 0.002 -28"><span class='ocrx_word' id='word_1_93' title='bbox 130 1973 215 2034; x_wconf 77' lang='lat' dir='ltr'>nara</span> <span class='ocrx_word' id='word_1_94' title='bbox 248 1963 333 2052; x_wconf 75' lang='lat' dir='ltr'>sunt</span> <span class='ocrx_word' id='word_1_95' title='bbox 425 1969 465 2038; x_wconf 80' lang='lat' dir='ltr'>is.</span> <span class='ocrx_word' id='word_1_96' title='bbox 546 1960 609 2036; x_wconf 89' lang='lat' dir='ltr'>Ob</span> <span class='ocrx_word' id='word_1_97' title='bbox 642 1963 718 2039; x_wconf 90' lang='lat' dir='ltr'>hoc</span> <span class='ocrx_word' id='word_1_98' title='bbox 752 1983 842 2062; x_wconf 84' lang='lat' dir='ltr'>ergo</span> <span class='ocrx_word' id='word_1_99' title='bbox 886 1961 1041 2055; x_wconf 83' lang='lat' dir='ltr'>reqtririt</span> <span class='ocrx_word' id='word_1_100' title='bbox 1077 1957 1204 2054; x_wconf 77' lang='lat' dir='ltr'>sponsa</span> 
     </span>
     <span class='ocr_line' id='line_1_15' title="bbox 132 2059 1210 2164; baseline 0 -30"><span class='ocrx_word' id='word_1_101' title='bbox 132 2059 268 2138; x_wconf 80' lang='lat' dir='ltr'>Christi</span> <span class='ocrx_word' id='word_1_102' title='bbox 291 2061 487 2138; x_wconf 85' lang='lat' dir='ltr'>meridiana</span> <span class='ocrx_word' id='word_1_103' title='bbox 514 2063 667 2158; x_wconf 83' lang='lat' dir='ltr'>cubilia,</span> <span class='ocrx_word' id='word_1_104' title='bbox 703 2062 738 2136; x_wconf 83' lang='lat' dir='ltr'>dc</span> <span class='ocrx_word' id='word_1_105' title='bbox 763 2062 1022 2164; x_wconf 83' lang='lat' dir='ltr'>plenitudinem</span> <span class='ocrx_word' id='word_1_106' title='bbox 1044 2059 1210 2136; x_wconf 71' lang='lat' dir='ltr'>scientio</span> 
     </span>
     <span class='ocr_line' id='line_1_16' title="bbox 131 2157 1210 2258; baseline -0.002 -22"><span class='ocrx_word' id='word_1_107' title='bbox 131 2162 255 2258; x_wconf 91' lang='lat' dir='ltr'>poscit</span> <span class='ocrx_word' id='word_1_108' title='bbox 272 2183 293 2238; x_wconf 82' lang='lat' dir='ltr'>a</span> <span class='ocrx_word' id='word_1_109' title='bbox 308 2163 415 2255; x_wconf 86' lang='lat' dir='ltr'>Deo,</span> <span class='ocrx_word' id='word_1_110' title='bbox 439 2183 486 2239; x_wconf 90' lang='lat' dir='ltr'>ne</span> <span class='ocrx_word' id='word_1_111' title='bbox 506 2162 676 2236; x_wconf 88' lang='lat' dir='ltr'>videatur</span> <span class='ocrx_word' id='word_1_112' title='bbox 694 2161 765 2238; x_wconf 83' lang='lat' dir='ltr'>esse</span> <span class='ocrx_word' id='word_1_113' title='bbox 782 2163 872 2239; x_wconf 88' lang='lat' dir='ltr'>licut</span> <span class='ocrx_word' id='word_1_114' title='bbox 891 2181 964 2238; x_wconf 86' lang='lat' dir='ltr'>una</span> <span class='ocrx_word' id='word_1_115' title='bbox 980 2181 1026 2237; x_wconf 85' lang='lat' dir='ltr'>ex</span> <span class='ocrx_word' id='word_1_116' title='bbox 1049 2157 1210 2257; x_wconf 83' lang='lat' dir='ltr'>philoso-</span> 
     </span>
     <span class='ocr_line' id='line_1_17' title="bbox 131 2261 1207 2359; baseline -0.001 -22"><span class='ocrx_word' id='word_1_117' title='bbox 131 2263 293 2359; x_wconf 87' lang='lat' dir='ltr'>phorum</span> <span class='ocrx_word' id='word_1_118' title='bbox 313 2262 467 2357; x_wconf 83' lang='lat' dir='ltr'>scholia,</span> <span class='ocrx_word' id='word_1_119' title='bbox 495 2282 574 2356; x_wconf 84' lang='lat' dir='ltr'>quae</span> <span class='ocrx_word' id='word_1_120' title='bbox 595 2261 772 2356; x_wconf 81' lang='lat' dir='ltr'>adoperta</span> <span class='ocrx_word' id='word_1_121' title='bbox 791 2263 1021 2354; x_wconf 82' lang='lat' dir='ltr'>nominatur,</span> <span class='ocrx_word' id='word_1_122' title='bbox 1047 2282 1117 2356; x_wconf 88' lang='lat' dir='ltr'>pro</span> <span class='ocrx_word' id='word_1_123' title='bbox 1132 2279 1207 2356; x_wconf 84' lang='lat' dir='ltr'>co,</span> 
     </span>
     <span class='ocr_line' id='line_1_18' title="bbox 132 2361 1209 2458; baseline -0.002 -20"><span class='ocrx_word' id='word_1_124' title='bbox 132 2363 236 2456; x_wconf 80' lang='lat' dir='ltr'>quod</span> <span class='ocrx_word' id='word_1_125' title='bbox 250 2363 441 2457; x_wconf 82' lang='lat' dir='ltr'>plenitudo</span> <span class='ocrx_word' id='word_1_126' title='bbox 458 2362 624 2436; x_wconf 84' lang='lat' dir='ltr'>veritatis</span> <span class='ocrx_word' id='word_1_127' title='bbox 637 2363 733 2458; x_wconf 86' lang='lat' dir='ltr'>apud</span> <span class='ocrx_word' id='word_1_128' title='bbox 751 2384 818 2437; x_wconf 81' lang='lat' dir='ltr'>eos</span> <span class='ocrx_word' id='word_1_129' title='bbox 835 2362 931 2439; x_wconf 68' lang='lat' dir='ltr'>testa</span> <span class='ocrx_word' id='word_1_130' title='bbox 943 2361 996 2438; x_wconf 88' lang='lat' dir='ltr'>est</span> <span class='ocrx_word' id='word_1_131' title='bbox 1011 2361 1209 2455; x_wconf 59' lang='lat' dir='ltr'>&amp;adoperss</span> 
     </span>
     <span class='ocr_line' id='line_1_19' title="bbox 132 2459 1209 2559; baseline -0.001 -23"><span class='ocrx_word' id='word_1_132' title='bbox 132 2475 180 2538; x_wconf 89' lang='lat' dir='ltr'>ta.</span> <span class='ocrx_word' id='word_1_133' title='bbox 235 2459 374 2559; x_wconf 81' lang='lat' dir='ltr'>Sponsa</span> <span class='ocrx_word' id='word_1_134' title='bbox 395 2476 515 2540; x_wconf 91' lang='lat' dir='ltr'>autem</span> <span class='ocrx_word' id='word_1_135' title='bbox 537 2460 669 2537; x_wconf 89' lang='lat' dir='ltr'>Christi</span> <span class='ocrx_word' id='word_1_136' title='bbox 691 2462 798 2539; x_wconf 87' lang='lat' dir='ltr'>dicit:</span> <span class='ocrx_word' id='word_1_137' title='bbox 834 2467 909 2542; x_wconf 81' lang='lat' dir='ltr'>Nor</span> <span class='ocrx_word' id='word_1_138' title='bbox 930 2479 1040 2536; x_wconf 72' lang='lat' dir='ltr'>urm</span> <span class='ocrx_word' id='word_1_139' title='bbox 1062 2461 1209 2536; x_wconf 77' lang='lat' dir='ltr'>revelata</span> 
     </span>
     <span class='ocr_line' id='line_1_20' title="bbox 126 2563 667 2663; baseline 0.009 -31"><span class='ocrx_word' id='word_1_140' title='bbox 126 2563 217 2662; x_wconf 69' lang='lat' dir='ltr'>fecie</span> <span class='ocrx_word' id='word_1_141' title='bbox 227 2565 365 2658; x_wconf 76' lang='lat' dir='ltr'>gloriam</span> <span class='ocrx_word' id='word_1_142' title='bbox 387 2563 667 2663; x_wconf 76' lang='lat' dir='ltr'>Dcispecuiomur.</span> 
     </span>
    </p>

    <p class='ocr_par' dir='ltr' id='par_1_3' title="bbox 133 2661 1215 3956">
     <span class='ocr_line' id='line_1_21' title="bbox 208 2661 1209 2766; baseline -0.006 -26"><span class='ocrx_word' id='word_1_143' title='bbox 208 2663 291 2764; x_wconf 72' lang='lat' dir='ltr'>Nefi</span> <span class='ocrx_word' id='word_1_144' title='bbox 312 2667 488 2759; x_wconf 66' lang='lat' dir='ltr'>agnoveris</span> <span class='ocrx_word' id='word_1_145' title='bbox 511 2679 561 2750; x_wconf 80' lang='lat' dir='ltr'>le,</span> <span class='ocrx_word' id='word_1_146' title='bbox 594 2662 725 2755; x_wconf 74' lang='lat' dir='ltr'>ciana,</span> <span class='ocrx_word' id='word_1_147' title='bbox 747 2661 824 2738; x_wconf 81' lang='lat' dir='ltr'>five</span> <span class='ocrx_word' id='word_1_148' title='bbox 832 2662 971 2766; x_wconf 78' lang='lat' dir='ltr'>pulchra</span> <span class='ocrx_word' id='word_1_149' title='bbox 991 2666 1080 2734; x_wconf 81' lang='lat' dir='ltr'>inter</span> <span class='ocrx_word' id='word_1_150' title='bbox 1096 2661 1209 2735; x_wconf 75' lang='lat' dir='ltr'>mulie·-</span> 
     </span>
     <span class='ocr_line' id='line_1_22' title="bbox 134 2760 1209 2862; baseline -0.004 -26"><span class='ocrx_word' id='word_1_151' title='bbox 134 2787 206 2849; x_wconf 82' lang='lat' dir='ltr'>m,</span> <span class='ocrx_word' id='word_1_152' title='bbox 247 2766 385 2859; x_wconf 75' lang='lat' dir='ltr'>egredere</span> <span class='ocrx_word' id='word_1_153' title='bbox 406 2779 445 2836; x_wconf 80' lang='lat' dir='ltr'>ru</span> <span class='ocrx_word' id='word_1_154' title='bbox 468 2769 507 2836; x_wconf 81' lang='lat' dir='ltr'>in</span> <span class='ocrx_word' id='word_1_155' title='bbox 529 2760 667 2862; x_wconf 63' lang='lat' dir='ltr'>vosigiis</span> <span class='ocrx_word' id='word_1_156' title='bbox 682 2787 824 2855; x_wconf 79' lang='lat' dir='ltr'>gregum,</span> <span class='ocrx_word' id='word_1_157' title='bbox 860 2763 899 2839; x_wconf 69' lang='lat' dir='ltr'><strong><em>U</em></strong></span> <span class='ocrx_word' id='word_1_158' title='bbox 915 2763 1003 2861; x_wconf 81' lang='lat' dir='ltr'>pasce</span> <span class='ocrx_word' id='word_1_159' title='bbox 1018 2764 1120 2833; x_wconf 76' lang='lat' dir='ltr'>hedos</span> <span class='ocrx_word' id='word_1_160' title='bbox 1134 2779 1209 2834; x_wconf 76' lang='lat' dir='ltr'>tuor</span> 
     </span>
     <span class='ocr_line' id='line_1_23' title="bbox 133 2856 1209 2962; baseline -0.001 -26"><span class='ocrx_word' id='word_1_161' title='bbox 133 2869 173 2936; x_wconf 86' lang='lat' dir='ltr'>in</span> <span class='ocrx_word' id='word_1_162' title='bbox 198 2863 412 2938; x_wconf 73' lang='lat' dir='ltr'>tabernaculis</span> <span class='ocrx_word' id='word_1_163' title='bbox 438 2862 607 2962; x_wconf 75' lang='lat' dir='ltr'>pastorum.</span> <span class='ocrx_word' id='word_1_164' title='bbox 661 2856 781 2935; x_wconf 85' lang='lat' dir='ltr'>Unius</span> <span class='ocrx_word' id='word_1_165' title='bbox 809 2861 974 2937; x_wconf 84' lang='lat' dir='ltr'>Chilonis</span> <span class='ocrx_word' id='word_1_166' title='bbox 997 2858 1134 2935; x_wconf 85' lang='lat' dir='ltr'>scilicet</span> <span class='ocrx_word' id='word_1_167' title='bbox 1161 2879 1209 2935; x_wconf 86' lang='lat' dir='ltr'>ex</span> 
     </span>
     <span class='ocr_line' id='line_1_24' title="bbox 134 2958 1209 3058; baseline -0.007 -17"><span class='ocrx_word' id='word_1_168' title='bbox 134 2962 301 3058; x_wconf 81' lang='lat' dir='ltr'>septem,</span> <span class='ocrx_word' id='word_1_169' title='bbox 330 2983 423 3056; x_wconf 81' lang='lat' dir='ltr'>quor</span> <span class='ocrx_word' id='word_1_170' title='bbox 446 2961 540 3056; x_wconf 90' lang='lat' dir='ltr'>apud</span> <span class='ocrx_word' id='word_1_171' title='bbox 562 2959 714 3036; x_wconf 84' lang='lat' dir='ltr'>Graecos</span> <span class='ocrx_word' id='word_1_172' title='bbox 736 2960 928 3058; x_wconf 75' lang='lat' dir='ltr'>singulares</span> <span class='ocrx_word' id='word_1_173' title='bbox 949 2959 1050 3036; x_wconf 83' lang='lat' dir='ltr'>suilsc</span> <span class='ocrx_word' id='word_1_174' title='bbox 1065 2963 1102 3035; x_wconf 92' lang='lat' dir='ltr'>in</span> <span class='ocrx_word' id='word_1_175' title='bbox 1121 2958 1209 3055; x_wconf 86' lang='lat' dir='ltr'>sapi·</span> 
     </span>
     <span class='ocr_line' id='line_1_25' title="bbox 136 3061 1207 3155; baseline -0.005 -15"><span class='ocrx_word' id='word_1_176' title='bbox 136 3064 238 3140; x_wconf 82' lang='lat' dir='ltr'>entia</span> <span class='ocrx_word' id='word_1_177' title='bbox 260 3062 355 3139; x_wconf 85' lang='lat' dir='ltr'>sama</span> <span class='ocrx_word' id='word_1_178' title='bbox 377 3065 635 3155; x_wconf 88' lang='lat' dir='ltr'>concelebrat,</span> <span class='ocrx_word' id='word_1_179' title='bbox 674 3062 752 3137; x_wconf 91' lang='lat' dir='ltr'>haec</span> <span class='ocrx_word' id='word_1_180' title='bbox 772 3063 868 3136; x_wconf 86' lang='lat' dir='ltr'>inter</span> <span class='ocrx_word' id='word_1_181' title='bbox 884 3077 1014 3136; x_wconf 85' lang='lat' dir='ltr'>caetera</span> <span class='ocrx_word' id='word_1_182' title='bbox 1035 3061 1207 3136; x_wconf 79' lang='lat' dir='ltr'>mirabilia</span> 
     </span>
     <span class='ocr_line' id='line_1_26' title="bbox 136 3160 1211 3262; baseline -0.009 -20"><span class='ocrx_word' id='word_1_183' title='bbox 136 3165 256 3242; x_wconf 74' lang='lat' dir='ltr'>fertur</span> <span class='ocrx_word' id='word_1_184' title='bbox 271 3161 342 3236; x_wconf 86' lang='lat' dir='ltr'>else</span> <span class='ocrx_word' id='word_1_185' title='bbox 357 3160 553 3256; x_wconf 86' lang='lat' dir='ltr'>sententia,</span> <span class='ocrx_word' id='word_1_186' title='bbox 587 3183 658 3256; x_wconf 86' lang='lat' dir='ltr'>qna</span> <span class='ocrx_word' id='word_1_187' title='bbox 679 3163 746 3235; x_wconf 85' lang='lat' dir='ltr'>ait:</span> <span class='ocrx_word' id='word_1_188' title='bbox 781 3165 872 3233; x_wconf 76' lang='lat' dir='ltr'>Scito</span> <span class='ocrx_word' id='word_1_189' title='bbox 888 3161 1038 3262; x_wconf 58' lang='lat' dir='ltr'>crepunt,</span> <span class='ocrx_word' id='word_1_190' title='bbox 1064 3161 1127 3234; x_wconf 88' lang='lat' dir='ltr'>vel</span> <span class='ocrx_word' id='word_1_191' title='bbox 1146 3184 1211 3256; x_wconf 77' lang='lat' dir='ltr'>cog·</span> 
     </span>
     <span class='ocr_line' id='line_1_27' title="bbox 136 3259 1211 3360; baseline -0.003 -22"><span class='ocrx_word' id='word_1_192' title='bbox 136 3262 274 3356; x_wconf 74' lang='lat' dir='ltr'>noscere</span> <span class='ocrx_word' id='word_1_193' title='bbox 289 3263 398 3360; x_wconf 77' lang='lat' dir='ltr'>ipsum.</span> <span class='ocrx_word' id='word_1_194' title='bbox 442 3259 563 3359; x_wconf 79' lang='lat' dir='ltr'>&#39;Quod</span> <span class='ocrx_word' id='word_1_195' title='bbox 579 3276 698 3336; x_wconf 88' lang='lat' dir='ltr'>tamen</span> <span class='ocrx_word' id='word_1_196' title='bbox 715 3259 912 3356; x_wconf 82' lang='lat' dir='ltr'>Salomon,</span> <span class='ocrx_word' id='word_1_197' title='bbox 944 3281 1050 3355; x_wconf 84' lang='lat' dir='ltr'>quem</span> <span class='ocrx_word' id='word_1_198' title='bbox 1063 3259 1211 3353; x_wconf 80' lang='lat' dir='ltr'>preces·</span> 
     </span>
     <span class='ocr_line' id='line_1_28' title="bbox 136 3358 1210 3457; baseline -0.008 -14"><span class='ocrx_word' id='word_1_199' title='bbox 136 3363 213 3443; x_wconf 79' lang='lat' dir='ltr'>fille</span> <span class='ocrx_word' id='word_1_200' title='bbox 228 3384 354 3437; x_wconf 84' lang='lat' dir='ltr'>omnes</span> <span class='ocrx_word' id='word_1_201' title='bbox 370 3364 440 3438; x_wconf 84' lang='lat' dir='ltr'>hos</span> <span class='ocrx_word' id='word_1_202' title='bbox 457 3376 645 3457; x_wconf 88' lang='lat' dir='ltr'>tempore,</span> <span class='ocrx_word' id='word_1_203' title='bbox 671 3361 707 3433; x_wconf 80' lang='lat' dir='ltr'>dc</span> <span class='ocrx_word' id='word_1_204' title='bbox 729 3359 897 3455; x_wconf 75' lang='lat' dir='ltr'>sapientia</span> <span class='ocrx_word' id='word_1_205' title='bbox 908 3394 934 3455; x_wconf 89' lang='lat'>‚·</span> <span class='ocrx_word' id='word_1_206' title='bbox 949 3384 991 3438; x_wconf 82' lang='lat' dir='ltr'>ac</span> <span class='ocrx_word' id='word_1_207' title='bbox 1007 3380 1127 3437; x_wconf 88' lang='lat' dir='ltr'>rerum</span> <span class='ocrx_word' id='word_1_208' title='bbox 1146 3358 1210 3435; x_wconf 91' lang='lat' dir='ltr'>sci·</span> 
     </span>
     <span class='ocr_line' id='line_1_29' title="bbox 138 3460 1212 3558; baseline -0.006 -16"><span class='ocrx_word' id='word_1_209' title='bbox 138 3464 239 3542; x_wconf 85' lang='lat' dir='ltr'>entia</span> <span class='ocrx_word' id='word_1_210' title='bbox 255 3463 294 3537; x_wconf 91' lang='lat' dir='ltr'>in</span> <span class='ocrx_word' id='word_1_211' title='bbox 308 3463 518 3558; x_wconf 79' lang='lat' dir='ltr'>prefatione</span> <span class='ocrx_word' id='word_1_212' title='bbox 533 3462 654 3558; x_wconf 84' lang='lat' dir='ltr'>nostra</span> <span class='ocrx_word' id='word_1_213' title='bbox 664 3462 868 3553; x_wconf 86' lang='lat' dir='ltr'>docuimus,</span> <span class='ocrx_word' id='word_1_214' title='bbox 896 3461 941 3535; x_wconf 87' lang='lat' dir='ltr'>ad</span> <span class='ocrx_word' id='word_1_215' title='bbox 949 3462 1100 3536; x_wconf 89' lang='lat' dir='ltr'>animam</span> <span class='ocrx_word' id='word_1_216' title='bbox 1115 3460 1212 3551; x_wconf 77' lang='lat' dir='ltr'>quau</span> 
     </span>
     <span class='ocr_line' id='line_1_30' title="bbox 137 3560 1209 3655; baseline -0.007 -12"><span class='ocrx_word' id='word_1_217' title='bbox 137 3565 328 3643; x_wconf 87' lang='lat' dir='ltr'>mulierem</span> <span class='ocrx_word' id='word_1_218' title='bbox 351 3562 414 3636; x_wconf 88' lang='lat' dir='ltr'>sub</span> <span class='ocrx_word' id='word_1_219' title='bbox 439 3560 723 3638; x_wconf 89' lang='lat' dir='ltr'>comminatione</span> <span class='ocrx_word' id='word_1_220' title='bbox 742 3562 893 3655; x_wconf 88' lang='lat' dir='ltr'>quadam</span> <span class='ocrx_word' id='word_1_221' title='bbox 919 3562 1074 3653; x_wconf 75' lang='lat' dir='ltr'>loquens</span> <span class='ocrx_word' id='word_1_222' title='bbox 1103 3561 1209 3636; x_wconf 69' lang='lat' dir='ltr'>dicite</span> 
     </span>
     <span class='ocr_line' id='line_1_31' title="bbox 137 3659 1215 3762; baseline -0.007 -23"><span class='ocrx_word' id='word_1_223' title='bbox 137 3663 219 3740; x_wconf 73' lang='lat' dir='ltr'>Nisi</span> <span class='ocrx_word' id='word_1_224' title='bbox 245 3664 468 3762; x_wconf 80' lang='lat' dir='ltr'>cognoveris</span> <span class='ocrx_word' id='word_1_225' title='bbox 488 3659 733 3752; x_wconf 82' lang='lat' dir='ltr'>temetipsam,</span> <span class='ocrx_word' id='word_1_226' title='bbox 759 3681 783 3732; x_wconf 93' lang='lat' dir='ltr'>o</span> <span class='ocrx_word' id='word_1_227' title='bbox 804 3661 955 3753; x_wconf 90' lang='lat' dir='ltr'>pulchra</span> <span class='ocrx_word' id='word_1_228' title='bbox 972 3663 1068 3736; x_wconf 90' lang='lat' dir='ltr'>inter</span> <span class='ocrx_word' id='word_1_229' title='bbox 1085 3660 1215 3735; x_wconf 82' lang='lat' dir='ltr'>mulie·</span> 
     </span>
     <span class='ocr_line' id='line_1_32' title="bbox 137 3758 1212 3956; baseline -0.004 -18"><span class='ocrx_word' id='word_1_230' title='bbox 137 3758 1212 3956; x_wconf 52' lang='lat' dir='ltr'>traditati}titillettullissit</span> 
     </span>
    </p>

    <p class='ocr_par' dir='ltr' id='par_1_4' title="bbox 139 3913 1212 4157">
     <span class='ocr_line' id='line_1_33' title="bbox 323 3913 1004 3954; baseline 0.004 -3"><span class='ocrx_word' id='word_1_231' title='bbox 323 3914 335 3951; x_wconf 79' lang='lat' dir='ltr'>i</span> <span class='ocrx_word' id='word_1_232' title='bbox 990 3913 1004 3954; x_wconf 64' lang='grc' dir='ltr'>ἱ</span> 
     </span>
     <span class='ocr_line' id='line_1_34' title="bbox 139 3960 1211 4057; baseline -0.007 -18"><span class='ocrx_word' id='word_1_233' title='bbox 139 3961 232 4040; x_wconf 87' lang='lat' dir='ltr'>inest</span> <span class='ocrx_word' id='word_1_234' title='bbox 249 3962 316 4038; x_wconf 92' lang='lat' dir='ltr'>tibi</span> <span class='ocrx_word' id='word_1_235' title='bbox 331 3961 523 4056; x_wconf 88' lang='lat' dir='ltr'>plurimum</span> <span class='ocrx_word' id='word_1_236' title='bbox 541 3961 714 4035; x_wconf 82' lang='lat' dir='ltr'>naturalis</span> <span class='ocrx_word' id='word_1_237' title='bbox 732 3961 896 4042; x_wconf 81' lang='lat' dir='ltr'>decoris,</span> <span class='ocrx_word' id='word_1_238' title='bbox 922 3960 956 4036; x_wconf 82' lang='lat' dir='ltr'>dr</span> <span class='ocrx_word' id='word_1_239' title='bbox 971 3962 1211 4057; x_wconf 76' lang='lat' dir='ltr'>cognoveris,</span> 
     </span>
     <span class='ocr_line' id='line_1_35' title="bbox 142 4059 1212 4157; baseline -0.001 -21"><span class='ocrx_word' id='word_1_240' title='bbox 142 4083 248 4157; x_wconf 88' lang='lat' dir='ltr'>quam</span> <span class='ocrx_word' id='word_1_241' title='bbox 268 4062 421 4156; x_wconf 85' lang='lat' dir='ltr'>pulchra</span> <span class='ocrx_word' id='word_1_242' title='bbox 443 4081 520 4137; x_wconf 81' lang='lat' dir='ltr'>erac</span> <span class='ocrx_word' id='word_1_243' title='bbox 542 4080 588 4134; x_wconf 82' lang='lat' dir='ltr'>ex</span> <span class='ocrx_word' id='word_1_244' title='bbox 608 4060 736 4134; x_wconf 83' lang='lat' dir='ltr'>initio:</span> <span class='ocrx_word' id='word_1_245' title='bbox 770 4060 933 4152; x_wconf 87' lang='lat' dir='ltr'>quamvis</span> <span class='ocrx_word' id='word_1_246' title='bbox 957 4059 992 4133; x_wconf 78' lang='lat' dir='ltr'>u</span> <span class='ocrx_word' id='word_1_247' title='bbox 1013 4079 1112 4138; x_wconf 86' lang='lat' dir='ltr'>nunc</span> <span class='ocrx_word' id='word_1_248' title='bbox 1137 4059 1212 4149; x_wconf 82' lang='lat' dir='ltr'>jana</span> 
     </span>
    </p>
   </div>
   <div class='ocr_carea' id='block_1_3' title="bbox 140 4154 1218 4446">
    <p class='ocr_par' dir='ltr' id='par_1_5' title="bbox 140 4154 1218 4446">
     <span class='ocr_line' id='line_1_36' title="bbox 140 4154 1212 4260; baseline 0 -27"><span class='ocrx_word' id='word_1_249' title='bbox 140 4163 324 4260; x_wconf 71' lang='lat' dir='ltr'>precellas</span> <span class='ocrx_word' id='word_1_250' title='bbox 347 4179 497 4236; x_wconf 84' lang='lat' dir='ltr'>caeteras</span> <span class='ocrx_word' id='word_1_251' title='bbox 516 4161 706 4253; x_wconf 85' lang='lat' dir='ltr'>mulieres,</span> <span class='ocrx_word' id='word_1_252' title='bbox 734 4158 938 4255; x_wconf 86' lang='lat' dir='ltr'>&amp;pulchra</span> <span class='ocrx_word' id='word_1_253' title='bbox 952 4160 1047 4234; x_wconf 89' lang='lat' dir='ltr'>inter</span> <span class='ocrx_word' id='word_1_254' title='bbox 1061 4177 1123 4234; x_wconf 76' lang='lat' dir='ltr'>eas</span> <span class='ocrx_word' id='word_1_255' title='bbox 1135 4154 1212 4233; x_wconf 73' lang='lat' dir='ltr'>solt</span> 
     </span>
     <span class='ocr_line' id='line_1_37' title="bbox 143 4255 1218 4380; baseline -0.006 -36"><span class='ocrx_word' id='word_1_256' title='bbox 143 4263 292 4366; x_wconf 73' lang='lat' dir='ltr'>deame,</span> <span class='ocrx_word' id='word_1_257' title='bbox 316 4279 440 4342; x_wconf 84' lang='lat' dir='ltr'>tamen</span> <span class='ocrx_word' id='word_1_258' title='bbox 453 4260 517 4340; x_wconf 81' lang='lat' dir='ltr'>nist</span> <span class='ocrx_word' id='word_1_259' title='bbox 536 4260 757 4361; x_wconf 76' lang='lat' dir='ltr'>cognoverit</span> <span class='ocrx_word' id='word_1_260' title='bbox 776 4255 939 4366; x_wconf 77' lang='lat' dir='ltr'>teipsam,</span> <span class='ocrx_word' id='word_1_261' title='bbox 964 4256 1218 4380; x_wconf 23' lang='lat' dir='ltr'>quefioqoou</span> 
     </span>
     <span class='ocr_line' id='line_1_38' title="bbox 1075 4381 1184 4446; baseline -0.018 0"><span class='ocrx_word' id='word_1_262' title='bbox 1075 4381 1184 4446; x_wconf 59' lang='lat' dir='ltr'>ellim</span> 
     </span>
    </p>
   </div>
   <div class='ocr_carea' id='block_1_4' title="bbox 0 0 1382 4859">
    <p class='ocr_par' dir='ltr' id='par_1_6' title="bbox 0 0 1382 4859">
     <span class='ocr_line' id='line_1_39' title="bbox 0 0 1382 4859; baseline 0 0"><span class='ocrx_word' id='word_1_263' title='bbox 0 0 1382 4859; x_wconf 95' lang='lat' dir='ltr'> </span> 
     </span>
    </p>
   </div>
  </div>
 </body>
</html>
