2734 4859
396 601 769 684 nonninln
809 602 949 686 ·x1v.·
1038 643 1043 652 ·
1122 627 1195 705 579

132 761 174 845 δι’
186 737 257 843 alio
276 768 366 842 loco
386 767 516 840 dicitur
534 767 579 842 de
603 765 838 861 quibusdam:
869 769 1068 842 Mandrcare
1082 765 1123 846 dr
1137 775 1196 840 im-

131 872 218 968 plere
230 892 300 949 aas.
351 866 533 962 Propheta
547 890 641 943 vern
656 889 733 944 nou
751 870 821 962 ait,
848 869 1116 944 amaritudinem
1133 890 1197 943 cn·

85 1001 88 1017 ’
137 966 359 1062 modu-sed,
385 971 613 1044 Amaritudinc
630 973 870 1065 replentium:
897 967 1058 1060 horest,
1084 971 1121 1044 in
1137 990 1197 1044 me

139 1084 277 1143 tantum
308 1067 423 1140 saeculi
451 1065 742 1170 persecutionum
772 1069 917 1163 pondus
942 1069 1197 1166 incubuit,'ut

137 1169 263 1262 plenus
283 1169 515 1242 amaritudine
533 1165 668 1243 fierem.

193 1257 276 1361 ⁸17.
303 1271 414 1357 Quare
454 1275 555 1340 trime
573 1268 785 1367 carcrisiam,
820 1268 1103 1360 conformantia
1126 1260 1199 1339 me?

141 1365 261 1441 Multa
278 1364 390 1459 passus
407 1295 459 1440 ea
474 1368 643 1462 Jeremiaa
661 1373 705 1441 ab
720 1370 794 1450 his,
821 1370 880 1462 qui
897 1372 1086 1440 veritatem
1103 1368 1200 1441 andi·

139 1485 180 1538 re
200 1469 401 1558 nolebant,
434 1467 469 1540 dr
490 1483 594 1542 erant
612 1469 677 1542 iilo
704 1468 741 1541 in
760 1470 833 1541 hoc
851 1468 981 1542 laectrlo
1001 1466 1198 1557 fortiores,

140 1566 309 1655 quoniam
322 1586 401 1639 raon
418 1584 564 1664 regnum
586 1569 654 1642 Dei
670 1568 716 1641 de
733 1563 861 1641 saecttlo
880 1568 968 1658 illo,
994 1564 1053 1640 sed
1071 1566 1116 1639 de
1132 1567 1200 1639 alia

139 1665 289 1758 quadarn
307 1668 506 1741 viventium
523 1670 702 1763 regione,
728 1683 770 1740 ut
788 1668 957 1740 Salvator
977 1665 1048 1739 ait:
1075 1668 1117 1738 Si
1128 1663 1201 1757 effic

140 1768 177 1835 dc
195 1767 253 1836 lare
267 1768 381 1835 mundo
401 1790 529 1860 regnum
547 1793 671 1861 mcum,
697 1762 835 1865 ministri
853 1775 914 1839 mei
930 1766 1136 1845 laborarent,
1160 1782 1199 1835 ut

139 1866 384 1937 contruderer
419 1868 565 1963 Julian-3
610 1868 867 1940 confortantur
902 1886 992 1962 ergo
1027 1862 1197 1938 adversus

140 1986 222 2039 eum
249 1968 284 2039 in
308 1965 436 2038 saeculo
467 1967 546 2042 isto.
610 1965 659 2038 Et
683 1968 782 2060 quod
799 1964 911 2058 justus
936 1965 1089 2038 debilior
1111 1965 1153 2037 srt
1178 1985 1199 2038 a

137 2065 431 2159 persequentibus
448 2062 504 2155 se,
532 2066 616 2138 vide
634 2078 831 2159 martyrum
847 2063 1031 2158 pastiones.
1081 2063 1200 2160 Judex

140 2167 177 2237 in
196 2165 276 2235 altis
294 2165 528 2238 tribunalibus
550 2164 667 2258 sedet,
696 2167 739 2239 ad
759 2163 914 2260 ruciam,
940 2166 974 2237 dr
994 2163 1037 2237 ad
1053 2164 1198 2236 delicias

139 2263 366 2359 prominent:
392 2257 619 2355 christianus,
645 2264 769 2357 inquo
787 2261 944 2338 Christus
964 2264 1120 2356 habitat,
1144 2261 1201 2352 'jn-

142 2366 281 2436 dicatur
297 2364 423 2457 plenus
436 2366 691 2455 amaritudine,
718 2364 981 2439 &admortem
995 2379 1107 2455 usque
1123 2360 1200 2436 snb·

140 2462 278 2557 jedtna,
304 2462 521 2537 confortatis
538 2464 688 2540 inimicis
706 2463 771 2538 suis
792 2461 976 2537 adversum
994 2461 1039 2539 se.
1114 2496 1116 2502 ·
1232 2535 1236 2552 ,

224 2572 277 2641 18.
307 2565 400 2656 Plaga
424 2590 490 2636 meo
502 2567 602 2655 firma
617 2566 665 2660 esi.
718 2563 791 2666 Qui
816 2563 1072 2637 confortantur
1088 2561 1125 2633 in
1143 2581 1201 2634 mc

146 2663 296 2735 vulnera
311 2661 471 2736 inferunt
488 2663 593 2754 milri,
620 2663 655 2735 n
673 2665 774 2760 plaga
790 2684 868 2737 mea
883 2660 982 2736 firma
1001 2661 1062 2737 est.
1113 2661 1202 2732 Sive

146 2763 191 2835 de
216 2781 323 2836 cruce
343 2762 491 2837 Domini
518 2763 775 2857 predicatum,
805 2762 880 2838 sive
904 2765 948 2845 de
972 2760 1101 2853 iustis,
1128 2761 1203 2833 sive

145 2860 342 2955 specialiter
357 2861 402 2935 de
415 2864 568 2958 Jeremia
586 2862 746 2936 volueris
765 2862 954 2955 accipere,
979 2880 1055 2933 non
1073 2860 1204 2932 abhor-

146 2959 241 3034 rebit
262 2983 282 3033 a
301 2959 411 3036 sensu.
467 2964 561 3057 Plaga
579 2986 644 3032 men
659 2961 840 3059 firmaeflj
867 2962 949 3032 unde
969 2955 1130 3042 sanabor?
1155 2954 1204 3030 Et

145 3062 315 3134 Salvator
339 3057 459 3155 potest
479 3062 626 3153 dicere,
662 3064 751 3133 Unde
768 3055 933 3148 santur?
965 3054 1211 3131 Resurrectio·¹

147 3183 230 3234 nem
246 3158 340 3236 suam
357 3159 439 3257 post
460 3162 648 3235 clavorum
664 3163 876 3236 annuntians
893 3161 1069 3246 vulnera3
1097 3158 1131 3230 u
1149 3156 1205 3249 ju·

148 3260 241 3352 sius,
268 3260 328 3351 qui
344 3258 424 3355 post
436 3263 553 3357 plagas
564 3263 693 3356 recipit
708 3259 902 3336 sanitatem.
957 3258 1055 3330 Falla
1068 3258 1107 3352 ιβ
1121 3258 1206 3348 milri

148 3358 376 3456 (subauditur
399 3361 523 3458 plaga)
545 3363 624 3453 ficut
649 3388 733 3459 aqua
756 3364 912 3446 mendax,
937 3384 1007 3439 nort
1027 3361 1145 3427 halem
1158 3351 1207 3445 ft·

148 3465 225 3534 dem.
261 3458 311 3534 ·Si
327 3460 469 3551 quidem
486 3463 587 3558 plaga
603 3482 683 3538 mea
698 3482 774 3536 non
788 3474 927 3548 manet,
953 3458 1011 3531 sed
1028 3456 1132 3551 super
1147 3478 1206 3529 me

149 3560 282 3637 tranfit.
337 3563 405 3634 ideo
419 3562 483 3634 lm
497 3565 574 3636 dicit
589 3566 776 3635 Dominus:
802 3564 843 3637 Si
858 3560 1025 3643 conversus
1033 3558 1139 3650 fueris
1158 3582 1207 3628 re·
1252 3609 1254 3616 ·

146 3662 279 3759 fliraam
295 3676 338 3738 te.
389 3657 450 3734 Ad
472 3681 598 3738 omnes
619 3663 695 3740 hac
714 3663 875 3756 loquitur
892 3659 1014 3749 Deus,
1040 3677 1132 3749 quos
1152 3675 1207 3727 re·

150 3764 247 3833 verti
263 3763 344 3834 vult
357 3761 400 3835 ad
415 3760 573 3839 salutern.
623 3762 779 3838 Videtur
795 3776 913 3835 autem
931 3759 1094 3852 quiddam
1107 3755 1207 3853 signi-

153 3855 262 3932 ficare
281 3860 436 3956 mysterii
455 3863 491 3935 in
514 3872 590 3956 eo,
615 3861 714 3955 quod
735 3864 808 3935 ait:
835 3863 996 3960 roluuam
1017 3876 1070 3952 te3
1096 3877 1207 3944 nemo

153 3960 285 4054 quippe
299 3960 433 4035 restitui
446 3959 585 4055 potest,
612 3961 723 4037 nisrin
743 3964 982 4049 emiorum,
1007 3957 1102 4032 unde
1123 3969 1207 4028 ante

153 4053 375 4135 discesserat:
399 4074 442 4133 ut
461 4060 588 4152 putasr
609 4063 804 4136 membrum
823 4059 986 4154 corporis
1007 4057 1074 4131 mei
1097 4053 1209 4147 fueric

152 4186 173 4236 a
199 4181 373 4258 compage
399 4158 633 4256 disjunctum,
664 4162 823 4236 medicus
849 4158 936 4233 illud
961 4159 998 4230 in
1024 4153 1208 4249 pristinum

150 4266 275 4341 locum
297 4257 492 4370 restituere
503 4275 667 4436 conatrg.
718 4259 895 4358 Sialiquia
913 4254 1129 4368 separatore
1148 4271 1210 4345 pr·

670 4381 746 4437 αα
1075 4368 1183 4440 ma„
1283 4371 1287 4377 '
