2734 4859
301 617 305 626 ·
379 626 748 740 moutarn
779 599 962 705 'xvrrn
1127 634 1203 732 ⁶5⁹

135 811 257 889 poro,
290 810 366 884 ‘iun
391 792 628 888 propheticos
647 787 758 868 hosce
781 787 964 866 sermonen
987 787 1203 885 proferebat

135 893 320 991 Jeremiaa.
371 891 550 986 Scriptum
572 893 658 967 item
675 891 754 987 est,
787 888 943 967 Paschor
968 891 1096 965 auditia
1114 911 1202 987 pro·

135 993 268 1088 phetiae
286 991 390 1087 hujus
411 973 632 1067 sermonibus
647 1012 695 1065 eo
710 989 935 1086 processiiie,
969 1007 1012 1064 ut
1032 1007 1200 1085 percute·

134 1091 402 1268 errari
419 1089 1202 1270 aarum‘⁰⁶arrrra.trrrrrr

134 1289 329 1387 scriptura,
356 1292 498 1365 ubinam
517 1289 679 1365 effetista
696 1290 892 1383 cataraita,
918 1311 1047 1386 nempe
1059 1294 1094 1365 in
1114 1312 1200 1387 por·

133 1406 173 1465 ta
190 1392 373 1484 Benjamin
394 1393 438 1464 ad
455 1390 676 1486 superiorem
699 1392 1021 1490 contignationem.
1071 1389 1200 1467 Conti-

135 1493 260 1590 gnatio
278 1505 487 1565 autemnon
504 1507 582 1565 erat
599 1492 746 1566 alterius
768 1511 872 1586 quam
889 1489 1019 1564 domus
1035 1488 1198 1570 Domini.

136 1591 224 1663 Haec
240 1587 393 1683 Spiritus
409 1587 543 1665 santius
564 1590 697 1687 scripsit
713 1597 763 1665 ob
783 1590 1010 1685 prophetiam
1029 1591 1198 1690 contigis·
1253 1656 1255 1660 .

135 1687 172 1762 se
186 1692 347 1786 Jeremiae
364 1689 681 1778 autore'i’asciror:
707 1692 836 1764 deinde
855 1691 926 1763 ait:
956 1693 1131 1765 Perendinr
1146 1698 1199 1767 dir

139 1792 272 1878 Paschar
291 1791 401 1862 eduxit
426 1793 602 1888 Jeremr'arn
624 1795 660 1863 de
680 1791 866 1876 cararniia,
893 1798 932 1876 σ
952 1790 1080 1864 atauus
1101 1796 1199 1889 Jerr·

134 1896 216 1961 urias
229 1891 315 1963 dixit
335 1893 485 1977 Pulcher:
512 1895 590 1964 Mn
608 1892 740 1979 Pajihor
759 1895 888 1962 vmavr't
911 1896 1069 1964 Daminrrr
1085 1917 1198 1967 nemen

133 2007 251 2084 ruam,
291 1987 349 2064 sed
369 2011 503 2066 nomen
526 1992 591 2064 tibi
619 1989 820 2083 impositum
847 1990 916 2062 suit
938 1989 1029 2063 sicut
1053 1992 1195 2086 Jacobo

132 2089 259 2180 lsrael,
289 2089 379 2164 ficut
398 2093 504 2165 Abrae
525 2090 735 2187 Abraham,
770 2092 860 2164 sicut
881 2091 975 2164 Sarae
995 2088 1117 2181 Sarra,
1145 2094 1197 2169 im

131 2210 268 2264 nomen
282 2190 348 2264 tibi
363 2188 483 2285 posuit
503 2196 714 2286 migrantem.
765 2189 814 2264 Et
832 2206 1027 2283 propterea
1043 2196 1198 2267 vocavit

132 2303 172 2363 te
187 2293 405 2384 Migrantem,
429 2295 506 2387 qnia
525 2291 589 2363 sraec
603 2292 681 2363 dicit
703 2294 886 2377 Dominus,
911 2315 973 2363 ectr
990 2315 1040 2384 ego
1061 2294 1097 2361 do
1113 2310 1145 2363 re
1158 2299 1196 2364 in

131 2394 353 2483 migrationem
370 2414 439 2460 run
459 2392 627 2479 omnibus,
660 2389 820 2483 quibua?
852 2410 928 2463 non
945 2409 1064 2465 uxore
1080 2405 1142 2465 tua
1160 2392 1196 2465 dr

131 2489 215 2565 sriiis
231 2490 331 2582 tuis,
357 2488 415 2563 sed
431 2496 541 2562 amicis
557 2497 643 2578 tuis,
671 2490 704 2565 dc
724 2511 804 2566 cum
823 2490 926 2565 datua
944 2491 1055 2564 fueria
1076 2492 1113 2564 in
1132 2491 1197 2565 mi·

132 2591 353 2687 granonem,
379 2592 488 2663 cadent
503 2591 604 2665 amici
614 2591 667 2664 tui
675 2591 787 2685 gladio.
837 2589 980 2664 Deinde
992 2589 1085 2682 quasi
1097 2592 1198 2694 quid·
1256 2674 1264 2686 „

132 2692 226 2785 piam
251 2687 408 2782 interfit,
442 2708 509 2784 an,
543 2693 601 2785 qui
624 2690 743 2787 gladio
761 2689 915 2782 cadunt,
941 2691 1059 2789 gladio
1083 2690 1198 2766 inimi-

133 2807 263 2863 corum
291 2788 443 2883 cadant,
478 2812 522 2865 an
543 2792 693 2865 aliorum
714 2790 853 2887 gladio,
886 2790 958 2882 eit,
994 2790 1107 2881 iilius,
1134 2790 1197 2884 qut

131 2889 320 2985 jeremiam
347 2890 384 2961 in
404 2889 611 2986 cataractam
630 2887 797 2982 miserat,
831 2888 965 2965 amicos
989 2889 1107 2985 gladio
1127 2890 1197 2963 ini·

130 2989 308 3064 micorum
323 2985 466 3068 suorum
482 2987 637 3065 casuros.
690 2989 917 3073 Ernuiirui,
943 2988 1078 3079 inquit,
1104 2991 1197 3062 nide-

133 3090 217 3159 ianr
237 3089 342 3181 haec,
375 3108 454 3180 quae
472 3089 645 3182 praedixi:
683 3083 729 3162 Te
747 3105 852 3161 aurem
872 3086 910 3165 U
931 3111 1050 3158 omnem
1072 3090 1214 3183 Judam.
1266 3083 1271 3092 ’

132 3190 210 3260 doio
231 3193 269 3259 in
291 3213 405 3258 manus
424 3196 503 3283 regis
521 3190 715 3284 Babylonis,
751 3185 989 3284 &postquam
1015 3186 1091 3260 haec
1112 3187 1198 3282 passi

131 3288 270 3364 suerint
289 3288 392 3361 amici
407 3292 458 3362 tui
473 3343 486 3379 ,
512 3294 606 3361 eriam
623 3292 757 3383 nigrare
764 3288 889 3380 sacient
904 3282 954 3360 roi
969 3284 1195 3379 Babylonem

130 3390 171 3466 (r
190 3389 407 3461 trucidabunt.
458 3390 595 3486 Regem
619 3391 714 3465 enim
735 3388 876 3484 Juda&
899 3402 1085 3461 caetcroaa
1104 3386 1197 3482 Juda

132 3505 242 3564 ortos
266 3489 471 3570 trucidabunt
490 3491 602 3586 gladio.
661 3487 795 3581 Neque
820 3489 877 3563 hic
900 3485 1098 3582 appositum
1123 3485 1195 3563 est:

134 3595 338 3662 inimicorum
349 3592 499 3683 suorum,
523 3589 622 3663 sicuti
644 3588 689 3664 de
703 3588 905 3681 prioribus,
931 3586 990 3680 qui
1008 3584 1195 3663 Paschorrr

132 3691 235 3762 amici
254 3688 476 3766 dicebantur.
527 3690 671 3762 Deinde
690 3692 764 3763 ait:
796 3687 845 3762 Er
862 3688 938 3759 dabo
957 3710 1078 3759 ornnem
1091 3687 1196 3779 forri-

133 3791 279 3860 tudinem
295 3793 444 3862 civitatis
467 3792 581 3888 hujus,
618 3790 657 3868 U
674 3813 779 3861 omnes
796 3788 956 3882 thesauros
975 3792 1054 3883 regis
1077 3788 1195 3883 Juda,

132 3888 173 3966 U
186 3911 290 3960 omnes
302 3890 418 3962 iabores
432 3895 579 3960 ciuitatis
597 3890 713 3989 hujus,
735 3893 772 3959 in
786 3915 898 3964 martur
912 3892 1111 3960 inimicorum
1123 3882 1196 3978 firr-

132 4011 227 4079 run,
258 4001 302 4060 ut
323 3989 456 4063 inimici
475 3988 643 4084 diripiant
661 3987 876 4082 thesauros,
911 3987 972 4081 dc,
1007 4007 1085 4081 que
1103 3984 1195 4060 dieta

132 4087 240 4169 sunt,
266 4090 437 4182 capiant,
463 4090 692 4164 &abducant
712 4090 838 4184 Judam
863 4087 899 4161 dr
917 4107 1038 4183 regem
1056 4087 1132 4181 eius
1155 4086 1196 4160 in

132 4187 371 4286 Babylonem.
428 4189 479 4259 ‘Tu
495 4207 632 4262 artem
650 4190 806 4282 Pnfihrr,
831 4186 872 4265 d
892 4212 997 4259 omnes
1010 4186 1195 4259 habitantes
1235 4239 1242 4252 .

131 4294 170 4362 in
183 4292 268 4362 domo
286 4305 363 4380 trra,
387 4287 479 4362 ibitis
499 4294 536 4362 in
555 4295 779 4464 mpr÷niurern
796 4295 835 4362 in
854 4289 1065 4386 uptam,
1089 4284 1129 4363 ὅ
1147 4284 1211 4357 33·

669 4403 689 4466 t
713 4411 736 4466 2
1052 4403 1176 4456 ΜΨ
1231 4451 1239 4468 .

1034 4555 1211 4624 ,⁶
