2734 4859
716 639 801 786 ¹n
850 707 1464 810 οΜιιιᾼ
1561 705 1972 840 Χνῐῐι.κ
2057 759 2100 774 -.
2231 719 2380 813 64⁵

260 893 405 952 nm
436 870 865 945 habitaculum
896 888 1093 944 tuum.
1196 869 1610 945 Introduxit
1645 885 1932 967 gentem
1947 870 2137 948 suam
2167 874 2372 950 Deua

257 979 334 1049 in
387 983 707 1062 montem
748 972 1158 1046 hereditatis
1217 969 1371 1045 suae.
1495 969 1835 1046 Montem
1876 994 2015 1070 ego
2077 991 2368 1068 quaern,

263 1097 416 1149 non
467 1087 550 1145 ut
594 1071 812 1166 Judaei
852 1073 927 1145 in
960 1072 1261 1146 -materia
1310 1067 1542 1142 sensus
1586 1088 1924 1164 experte:
1985 1095 2192 1147 mons
2237 1097 2370 1148 no·

266 1175 407 1248 ster
444 1170 755 1245 Christus
790 1169 941 1259 est3
993 1171 1065 1242 in
1097 1171 1243 1244 hoc
1273 1170 1611 1262 plantati,
1663 1170 1737 1243 in
1774 1169 1926 1266 ipso
1963 1173 2236 1246 fundati
2271 1173 2373 1246 su-

266 1295 447 1348 mus.
548 1272 818 1345 Videte
877 1271 1137 1366 igitur,
1204 1290 1335 1360 ne,
1403 1269 1768 1362 postquam
1835 1274 2374 1370 longanimitate

269 1372 432 1447 usus
478 1370 747 1462 fuerit,
812 1370 1111 1443 veniens
1157 1367 1652 1463 paterfamilias
1693 1372 1928 1444 dicatt
2000 1375 2160 1468 Jam
2202 1380 2373 1446 anm·

273 1491 406 1546 tres
429 1472 588 1561 sunt
615 1523 640 1561 ‚
690 1494 768 1542 ex
795 1496 909 1568 quo
934 1477 1121 1541 venio
1163 1476 1242 1542 ad
1270 1473 1474 1560 ficum
1517 1471 1716 1554 hanc,
1771 1471 1847 1545 θ
1884 1469 2182 1563 fruitam
2231 1499 2369 1544 non

270 1577 466 1662 tulit3
515 1572 743 1654 succide
791 1572 959 1640 inam
984 1597 1007 1638 .·
1058 1587 1137 1641 ut
1179 1573 1334 1670 quud
1374 1575 1566 1640 etiam
1603 1588 1844 1641 terram
1880 1578 2174 1666 occupat?
2227 1571 2374 1645 Oc·

268 1684 487 1762 cupat
523 1668 709 1742 enim
755 1672 1371 1761 terrambonam,
1423 1666 1815 1761 Christum,
1866 1671 2178 1744 ecclefiae
2220 1693 2373 1765 my-

273 1770 604 1860 sterium,
668 1770 1092 1861 quicumque
1131 1769 1219 1843 ad
1265 1783 1710 1842 conventum
1752 1770 2077 1865 accedit,
2131 1769 2198 1843 &
2231 1771 2379 1843 fru-

270 1867 456 1943 &um
497 1869 763 1940 nullum
795 1867 989 1944 facit.

423 1972 491 2042 6.
547 1969 647 2048 Ad
681 1968 977 2052 summam
1018 1969 1241 2065 loquar
1277 1969 1464 2064 super
1508 1982 1786 2060 gentem,
1838 1969 1945 2038 vel
1978 1973 2170 2039 etiam
2189 1969 2374 2064 super

276 2091 559 2160 regnum.
656 2068 1043 2141 Videbitur
1081 2065 1402 2141 absolute
1445 2063 1630 2142 finis.
1745 2067 1983 2141 Simile
2015 2068 2376 2161 quidpiam

278 2167 497 2239 habes
528 2166 678 2239 hic:
736 2171 990 2266 Loquar
1014 2171 1204 2264 super
1226 2186 1501 2260 gentem,
1551 2169 1660 2237 vel
1675 2168 1859 2262 super
1889 2191 2166 2258 regnum.
2266 2167 2322 2238 F
2326 2169 2380 2240 i-

272 2268 387 2339 nis
450 2264 836 2340 istiusmodi
902 2265 1022 2342 est.
1140 2267 1502 2361 nestrum,
1563 2265 1822 2338 dicitur
1870 2266 2122 2360 priori·
2142 2266 2374 2360 genti:

269 2361 439 2439 finis
479 2361 797 2438 secundae
823 2367 1061 2461 genti,
1114 2367 1470 2456 readificabo
1499 2391 1630 2439 vos.
1730 2363 2030 2438 Rursum
2061 2365 2375 2434 eradicabo

273 2465 638 2557 prioribus
687 2465 944 2538 dicitur
978 2491 1005 2555 ;
1045 2469 1349 2563 plantabo
1387 2465 1921 2560 posterioribus,
2021 2462 2219 2537 Num
2251 2465 2375 2559 igi-

278 2579 397 2635 tur
441 2565 599 2653 quia
643 2563 1006 2655 praedictus
1050 2567 1151 2639 est
1192 2564 1347 2638 finis
1382 2617 1406 2655 ,
1478 2567 1775 2638 omnino
1821 2577 2165 2640 venturus
2220 2561 2374 2636 est?

274 2661 482 2736 Deus
509 2713 532 2751 ,
586 2683 792 2753 quem
826 2686 973 2736 non
1004 2667 1342 2757 poenitet,
1397 2664 1881 2755 poenitentiam
1908 2680 2142 2736 tamen
2169 2682 2379 2757 agere

278 2762 540 2834 dicitur
571 2764 637 2834 in
678 2760 1037 2856 scriptura.
1138 2765 1612 2837 Attendamus
1638 2765 1909 2835 animos
1947 2763 2034 2833 ad
2071 2776 2375 2853 textum,

266 2877 365 2933 ·ut
386 2913 409 2950 ,
462 2861 508 2935 si
543 2859 897 2953 possumus
920 2866 1268 2937 rationem
1298 2865 1634 2950 reddere,
1688 2881 1813 2933 cur
1845 2861 1993 2934 haec
2026 2863 2379 2951 dicantur,

282 2962 683 3034 sermonem
729 2963 1197 3037 admittamus.
1298 2967 1399 3033 Ad
1432 2965 1724 3048 summam
1753 3012 1772 3046 ‚
1825 2960 2107 3051 inquit,
2158 2965 2381 3053 loquar

276 3062 469 3157 saper
493 3079 735 3153 gentem
763 3080 875 3130 aut
899 3065 1083 3159 ficper
1116 3087 1366 3153 regnum
1394 3109 1416 3149 ,
1460 3079 1533 3132 ut
1569 3060 1859 3152 auferam
1893 3065 2022 3130 ullos
2047 3058 2125 3133 <9¹
2151 3061 2381 3152 disper-

292 3163 457 3234 dam.
563 3162 655 3231 Et
686 3160 747 3257 fi
794 3163 1083 3248 coniverfii
1104 3163 1320 3254 fuerit
1340 3186 1494 3254 gem
1524 3162 1631 3232 iffa
1675 3187 1716 3232 a
1757 3159 1939 3232 malis
1969 3161 2151 3244 suia,
2205 3181 2380 3250 agam

294 3271 371 3338 U
405 3265 525 3357 ipse
545 3268 989 3356 paenitentiam
1033 3267 1102 3333 de
1144 3263 1359 3347 malis,
1412 3285 1546 3356 qua
1583 3268 1996 3354 cogitaveram
2022 3256 2233 3351 facere
2269 3264 2380 3333 eit.

296 3361 395 3434 Et
432 3369 506 3430 in
537 3360 836 3449 summam
870 3363 1086 3458 loquar
1106 3367 1291 3457 Juper
1314 3377 1558 3454 gentem
1593 3362 1699 3430 vel
1731 3383 1979 3452 regnum
1999 3406 2018 3435 ‚
2067 3361 2146 3428 ad
2175 3361 2384 3429 rea-di-

270 3464 597 3554 ficandum
627 3459 703 3536 (Ἰ
738 3463 1212 3556 plantandum3
1263 3463 1338 3536 (Ἰ
1357 3460 1616 3553 facient
1647 3462 1810 3530 mala
1846 3481 2044 3528 coram
2079 3482 2207 3545 me,
2253 3455 2386 3528 vion

276 3562 597 3635 audiendo
624 3585 826 3631 vocem
853 3586 1087 3632 meam.-
1144 3561 1220 3636 (5
1252 3567 1694 3657 paenitentiam
1718 3583 1891 3652 agam
1916 3561 1986 3628 de
2007 3557 2216 3643 bonis,
2255 3581 2387 3653 qua
2455 3625 2472 3640 x

286 3665 580 3757 loquutus
614 3661 872 3754 fueram
907 3662 1117 3754 facere
1147 3668 1257 3734 eis.
1360 3659 1479 3731 De
1519 3659 1935 3754 poenitentia
1981 3655 2117 3728 Dei
2152 3657 2394 3751 postu·

288 3764 476 3836 latur
516 3784 554 3834 a
593 3762 850 3851 nobis,
900 3776 982 3834 ut
1015 3763 1367 3834 rationem
1395 3759 1812 3848 reddamus3
1864 3756 2396 3849 reprehensioni

297 3864 485 3936 enim
508 3862 903 3935 obnoxium
920 3863 1207 3936 videtur
1235 3859 1675 3954 &indignum
1694 3911 1718 3949 ,
1769 3878 1917 3929 non
1941 3855 2166 3928 solum
2199 3853 2394 3933 Deo,

297 3959 416 4032 sed
472 3963 538 4033 &
579 3960 942 4054 sapiente,
1016 3962 1384 4056 poenitere.
1505 3956 1766 4048 Neque
1818 3957 2004 4028 enirn
2053 3955 2394 4045 concipio

299 4057 722 4151 sapientem,
794 4063 1002 4153 que'm
1068 4063 1430 4155 poeniteat.
1531 4056 1721 4130 Nam
1771 4076 1982 4146 quem
2047 4054 2402 4148 poenitet,

302 4175 641 4250 quantum
689 4159 775 4233 ad
818 4163 1028 4233 vocis
1061 4161 1253 4234 usum
1307 4158 1614 4238 attinet,
1682 4176 1840 4229 eum
1876 4154 1978 4227 rei
2016 4173 2168 4225 non
2215 4153 2404 4223 bene

304 4261 707 4334 deliberata:
744 4261 1091 4352 poenitet3
1139 4260 1339 4334 Deus
1373 4280 1555 4331 vero
1589 4278 1751 4329 cum
1795 4255 2199 4328 futurorum
2235 4270 2407 4337 prae-

280 4358 483 4436 scius
518 4359 603 4435 sit
630 4411 658 4455 ,
725 4358 817 4434 de
860 4380 937 4435 re
984 4362 1125 4435 ulla
1168 4380 1319 4435 non
1366 4357 1606 4452 potest
1639 4357 1825 4450 male
1875 4341 2290 4429 deliberasse
2326 4369 2421 4422 ac

1268 4457 1316 4535 S
1344 4478 1382 4538 s
1434 4479 1481 4536 a
2172 4462 2372 4536 qm-
