2734 4859
426 566 798 670 nominis
846 565 929 673 1v,
972 568 978 578 ·
1081 598 1178 676 ,39

138 755 220 817 mus
253 733 291 808 in
323 730 520 825 Christum,
555 733 715 828 legamus
745 728 965 825 scripturas,
990 732 1213 837 videamus,
1274 821 1276 828 ,

141 838 221 931 quis
240 831 452 928 justificatus
475 832 544 926 fit,
575 832 652 924 quis
671 828 868 905 offenderit
892 831 1036 934 Deum,
1064 836 1201 919 &cum

142 937 242 1011 omni
257 934 513 1008 observatione
527 931 680 1005 nitamur
697 935 739 1003 e'a
756 929 896 1025 facere,
923 954 1000 1024 quae
1014 936 1129 1026 J'ustoa
1150 941 1202 1014 le·

142 1038 257 1133 gimru
273 1031 416 1126 feciffe,
435 1032 477 1105 ’ἃ
498 1053 689 1105 caveamus
709 1019 746 1102 iii
766 1030 842 1110 hec
861 1033 1018 1106 incidere
1031 1087 1042 1127 ,
1055 1037 1105 1118 jn
1120 1059 1198 1129 quae
1222 1080 1224 1083 .

141 1136 348 1211 inciderunt
368 1133 430 1225 hi,
463 1133 522 1224 qui
543 1132 664 1206 traditi
685 1127 766 1204 sunt
787 1133 1009 1227 captivitati,
1041 1133 1075 1208 dr
1096 1137 1198 1231 ejecti

141 1237 187 1311 de
200 1236 409 1326 hereditate
423 1231 505 1305 Dei.
1029 1232 1035 1244 '

134 1368 138 1406 ;
212 1338 252 1408 6.
272 1331 329 1406 'Et
350 1336 545 1405 mrimuir
553 1334 802 1430 praevaricatrix
819 1332 939 1428 Juda,
962 1330 1014 1421 [cd
1029 1333 1130 1429 abiit,
1156 1332 1198 1414 U
1232 1423 1235 1428 Ι

134 1433 303 1531 famicem
317 1434 358 1529 est
376 1432 415 1508 dt
430 1434 505 1529 ipsa.
552 1430 637 1504 Post
654 1428 953 1523 fornicationem,
978 1432 1016 1504 in
1038 1454 1107 1525 qua
1124 1438 1196 1529 pri·

138 1533 379 1613 muscorruit
391 1532 516 1625 israel,
543 1530 720 1605 fornicata
738 1529 788 1604 est
803 1533 908 1605 etiam
927 1531 1028 1627 Juda.
1081 1536 1128 1605 Er
1137 1534 1197 1628 ja·
1238 1547 1258 1614 s

138 1634 193 1709 fla
210 1634 250 1731 ιβ
260 1632 437 1727 fornicario
454 1637 571 1730 ejusu'n
587 1632 745 1715 nibilum,
771 1633 813 1707 d
827 1632 1034 1704 mactabatur
1055 1638 1093 1724 im
1108 1635 1198 1729 ligno

138 1731 179 1812 dr
190 1723 304 1832 'iapida
357 1733 514 1834 Quando
529 1752 717 1825 peccamus
736 1732 827 1834 drrro
844 1731 1100 1808 contiaDetun
1115 1754 1197 1827 cor·
1228 1775 1248 1806 u

138 1835 207 1927 de,
233 1834 321 1907 nihil
337 1835 429 1907 aliud
453 1833 623 1925 facimus,
650 1832 709 1903 niir
732 1835 812 1904 crim
832 1832 947 1925 lapide
963 1831 1194 1914 fornicantur.

138 1934 298 2037 Quando
312 1937 348 2006 in
367 1935 557 2005 volontate
568 1932 818 2024 peccavimus,
843 1933 1058 2007 moechamur
1071 1932 1196 2020 subtus

139 2056 249 2108 omne
266 2035 400 2130 lignum
419 2032 657 2106 nemorosum.
721 2031 768 2102 Er
788 2037 823 2101 in
837 2032 1052 2103 discursibus·
1068 2057 1133 2105 non
1153 2034 1206 2135 ‘fl‘

138 2132 289 2223 conversa
310 2139 350 2204 ad
370 2160 415 2204 ma
434 2139 677 2225 prevaricatrix
701 2133 791 2226 Judo
807 2156 846 2201 ex
862 2146 927 2202 toro
945 2135 1030 2201 corde
1046 2136 1119 2221 luo,
1139 2135 1195 2224 sed

138 2241 179 2305 iu
200 2236 362 2306 mendatio.
419 2230 469 2305 Et
488 2238 555 2307 n'os
576 2229 740 2305 conversi
763 2227 878 2304 sumus
900 2232 942 2304 ad
969 2227 1192 2331 Dominum,

130 2332 198 2420 'sed
213 2335 295 2427 quia
314 2356 389 2408 non
409 2357 456 2408 ‘cx
479 2333 699 2408 totocorde
714 2333 905 2427 conversi,
933 2331 1084 2426 dicitur:
1110 2339 1193 2428 Nm
1211 2411 1226 2440 .

138 2436 179 2532 ‘fl
195 2438 343 2524 converso
369 2437 408 2506 od
434 2462 478 2505 me
499 2440 747 2532 prevaricatrix
769 2436 861 2532 Juda
881 2461 919 2505 ex
942 2451 1007 2508 tata
1023 2440 1107 2510 corde
1121 2439 1192 2531 suo·

136 2534 270 2627 Neque
285 2557 377 2608 vcro
397 2537 467 2627 ait,
494 2535 637 2608 nonest
657 2534 831 2608 conversa
848 2537 890 2608 ad
908 2558 964 2609 me
985 2541 1194 2630 pracvarica-

135 2636 210 2706 trix
232 2636 345 2730 Juda,
374 2636 552 2708 &tacuitz
579 2634 663 2717 sed,
696 2641 776 2707 Non
795 2637 854 2732 esi,
879 2638 1020 2728 inquit,
1046 2640 1193 2730 converfla
1280 2706 1281 2711 ,

135 2737 177 2804 ad
196 2759 242 2804 mc
255 2742 500 2832 praevaricatrix
520 2740 614 2831 ·Judo
633 2762 671 2806 ex
697 2752 762 2809 toto
789 2740 874 2807 corde
897 2737 980 2827 suo,
1018 2761 1127 2809 verum
1152 2745 1199 2812 im

132 2839 311 2905 nraudacio:
338 2851 379 2907 ut
399 2834 627 2927 ostenderet,
660 2855 747 2929 eos,
780 2836 838 2927 qui
855 2851 1137 2931 convertuntur,
1164 2838 1193 2913 fi
1231 2839 1266 2930 f

132 2954 211 3007 nou
230 2957 274 3007 ex
294 2949 378 3006 toto
396 2937 505 3006 corde
520 2949 804 3012 convertuntur,
829 2933 869 3008 in¹
881 2937 1090 3030 mendacio,
1114 2959 1191 3015 non
1236 3003 1237 3008 ,

133 3035 171 3105 in
197 3036 350 3106 veritate
373 3037 552 3106 converti.
617 3037 850 3131 Quapropter
873 3037 1028 3129 legamus
1053 3039 1191 3112 veteris

132 3132 354 3208 Testamenti
374 3135 555 3226 historias,
583 3134 615 3204 dc
637 3136 854 3226 prophetas,
882 3134 952 3208 &fi
968 3157 1058 3226 quos
1068 3136 1192 3229 justiti-
1218 3230 1220 3234 Ι

129 3250 237 3315 caros
252 3236 517 3322 invenerimus,
544 3236 722 3306 imitemur
738 3257 799 3325 ea,
826 3255 890 3329 per
910 3257 986 3326 quae
1000 3236 1050 3306 illi
1067 3236 1191 3328 justifi-

131 3330 313 3406 catisunt.
363 3334 538 3427 Legamus
554 3335 761 3426 evangelia,
797 3334 950 3406 &omne
967 3334 1201 3411 novumTe·
1269 3415 1275 3426 ,

128 3430 353 3507 stamentum.
413 3435 588 3529 Legamus
615 3432 766 3523 apostoli
791 3433 887 3505 Pauli
916 3433 1081 3526 epistolas
1112 3437 1196 3511 uni·-

127 3530 278 3623 versas,
315 3534 348 3603 dc
371 3530 558 3606 scribamus
577 3535 613 3604 in
636 3534 804 3605 cordibus
823 3532 951 3605 nostris
969 3586 981 3623 ,
1019 3538 1188 3614 viventes

126 3631 230 3722 juxta
253 3649 432 3722 praecepta
458 3631 631 3720 coelestia,
667 3648 803 3703 utnon
834 3634 993 3705 tradatur
1020 3633 1054 3705 dc
1081 3639 1188 3712 nobis

127 3730 270 3804 libellus
289 3733 424 3824 repudii
440 3757 452 3820 ;
480 3732 537 3803 scd
558 3733 763 3806 coheredes
782 3731 972 3807 efficiamur
988 3756 1066 3807 cum
1087 3735 1188 3810 Chri·
1272 3737 1276 3742 ’

127 3828 186 3927 sto
205 3829 309 3923 Jesu,
345 3832 377 3902 dc
400 3832 620 3924 plenitudine
645 3830 815 3904 Gentium
839 3831 1031 3907 Ecclesiam
1049 3836 1119 3908 Dei
1134 3839 1188 3920 in·
1279 3923 1281 3930 ¹

126 3941 320 4023 troeunte,
346 3932 551 4005 noviffimus
570 3930 725 4004 salvetur
737 3929 861 4024 israel,
887 3931 1078 4020 secundum
1096 3937 1212 4014 illudar?
1262 3937 1264 3942 ’

126 4029 330 4121 eloquium:
360 4036 437 4102 cum
455 4050 558 4102 autem
570 4033 735 4126 plenitudo
749 4040 1093 4125 gentiums'nrroierr't,
1106 4052 1186 4107 tunc
1212 4055 1216 4062 '
1270 4050 1272 4053 ’

126 4136 236 4200 omnis'
253 4131 347 4216 lsrael
362 4134 475 4220 fralaus
500 4138 580 4217 erit,
607 4129 646 4206 θ
660 4134 725 4221 fiet
740 4155 825 4201 unus
843 4158 935 4226 grex,
961 4135 999 4209 (Ἰ
1019 4160 1102 4204 unus
1125 4138 1185 4206 Pa·

117 4228 206 4327 fior,
232 4229 369 4305 docens
389 4234 426 4305 in
449 4251 638 4307 commune
650 4234 827 4326 populum
840 4232 938 4310 suum
958 4228 1188 4346 magnificare

777 4362 784 4368 ’“
906 4348 910 4363 “
1024 4352 1143 4415 mm·
1211 4379 1213 4383 ¹
