2734 4859
428 597 921 726 noturus-v.-
1032 649 1040 666 ·
1111 647 1186 743 4⁶9

122 813 228 891 ‘iniisse'
239 813 355 912 [eptam
376 812 473 882 missia
494 813 662 897 virorum,
688 813 743 908 qui
765 833 830 881 non
851 821 1069 880 moveram?
1081 807 1187 902 'g'mn

134 933 216 990 arare
230 914 330 988 Bari:
357 910 455 1004 quod
476 911 715 1003 interpretans
734 909 779 984 de
799 905 894 983 hisce
911 907 1067 1000 reliquiis
1081 906 1186 1004 Apiu-¹

133 1013 277 1106 stolus,
309 1013 381 1084 ait:
408 1014 464 1082 Sic
486 1036 554 1104 argo
575 1015 612 1079 in
633 1013 689 1080 hec
709 1027 841 1106 tempere
860 1009 998 1108 reliquie
1015 1009 1186 1097 secundum

136 1115 315 1187 ssessionem
330 1113 439 1204 gratia
446 1110 544 1198 sasvae
552 1107 648 1202 fasse
655 1109 746 1197 sunt.
795 1107 926 1201 Itaque·
938 1107 1044 1182 Israel
1060 1107 1186 1182 dereli-

137 1213 184 1287 au
204 1212 358 1305 reliquia
382 1207 566 1284 salvandae.
625 1209 735 1282 Hunc
759 1207 934 1300 duplicem
952 1209 1134 1300 ordinem,
1159 1205 1186 1281 ii

135 1326 267 1409 potes,
294 1309 469 1400 transfer,
495 1306 634 1402 quaeso,
662 1308 768 1381 etiam
789 1307 831 1379 ad
848 1328 932 1401 eos,
957 1308 1016 1400 qui
1039 1307 1186 1406 engen}

136 1413 234 1485 tibus
253 1407 343 1484 sunt.
405 1407 495 1480 N'on
519 1410 610 1482 enirn
631 1406 743 1480 dixit:
776 1427 882 1498 quum
909 1428 1032 1481 omnes
1060 1419 1185 1502 gentes

136 1510 243 1584 salvae
266 1507 363 1583 fadus
382 1505 515 1580 fuerint
533 1537 553 1602 ,s
582 1520 669 1579 tunc
692 1508 808 1580 omnis
827 1505 930 1580 lsrael
952 1506 1065 1582 salvus
1090 1505 1185 1600 crit',
1281 1503 1292 1534 ³

136 1608 218 1700 sed,
244 1629 350 1700 quum
361 1607 547 1700 plenitudo
562 1609 719 1702 gentium
734 1607 944 1698 intraverit,
968 1620 1056 1704 tunc
1068 1606 1187 1681 ornnis

139 1706 243 1782 lsrael
264 1706 379 1780 salvus
403 1708 482 1780 erit.
521 1705 622 1778 ¹Non
642 1705 765 1801 portio
781 1704 883 1778 lsrael
898 1704 1089 1780 salvabitur
1104 1701 1186 1802 post

139 1827 266 1882 ornnes
285 1819 437 1901 gentes,
469 1804 528 1877 sed
549 1803 629 1898 post
655 1806 1097 1901 gentiumplenitudinem.
1147 1804 1185 1878 Si

142 1907 219 1998 quis
240 1903 383 1998 potest,
409 1903 606 1982 residuum,
640 1903 772 1999 (prout
788 1906 922 1998 reperit
943 1903 1105 1981 Israelem
1122 1899 1187 1978 sall

138 2026 228 2078 vum
243 2003 333 2077 'sore
352 2003 434 2096 post
458 2003 617 2099 gentium
639 2003 915 2099 plenitudinem)
939 2008 1079 2080 ratione
1106 2026 1187 2098 per·-

140 2113 311 2195 curre'ns,
336 2104 473 2198 cogitet
491 2123 615 2176 omnes
634 2103 821 2194 aliquando
833 2104 935 2196 iuxta
949 2105 1029 2199 illa,
1055 2124 1131 2199 quae
1147 2109 1186 2182 iu

138 2201 324 2298 Sophonia
347 2200 552 2281 dictasunt,
577 2202 771 2274 servituros
796 2201 879 2286 Deo
902 2201 963 2277 sub
976 2204 1186 2301 J'ugouno,

143 2302 178 2373 u
200 2301 244 2375 de
270 2299 398 2374 finibus
426 2299 620 2395 AEthiopiae
644 2303 814 2376 allaturos
837 2301 995 2378 vidimas
1016 2305 1077 2394 ei}
1104 2305 1189 2398 quia'

139 2402 230 2475 srcut
242 2402 280 2473 in
296 2399 427 2494 psalmo
447 2399 655 2498 sexagesimo
671 2399 821 2493 septimo
836 2402 988 2476 dicitur:
1012 2403 1187 2502 AEahiopiir

135 2506 311 2598 preveniat
337 2525 451 2571 marrus
476 2505 541 2594 ejus
564 2505 655 2587 Deo,
689 2501 722 2571 δι
747 2503 888 2597 regibus
906 2516 1008 2576 terrae
1027 2503 1187 2598 praecipit

142 2600 277 2691 sermO,
303 2598 443 2672 dicens:
473 2603 606 2670 Candore
627 2604 783 2686 Domino,
799 2603 921 2696 psasire
937 2606 1005 2674 Deo
1024 2605 1136 2698 Jacob.

218 2721 252 2790 5.
276 2698 399 2788 Itaque
417 2718 485 2770 nos
504 2699 541 2771 in
557 2699 815 2791 nobismetipsis
831 2702 1074 2794 poenitentiam
1085 2723 1188 2800 agen·

141 2812 198 2872 tes
229 2800 277 2871 de·
297 2798 509 2891 mendaciis,
535 2817 612 2890 quae
635 2798 844 2892 putabamus
867 2799 936 2873 effe
963 2821 1073 2895 vera,
1103 2802 1190 2875 diei·

140 2917 245 2972 mus:
276 2902 357 2971 Vere
376 2902 413 2967 in
429 2899 620 2968 mendacium
639 2915 733 2969 erant
757 2900 840 2968 cases
860 2901 898 2975 Θ
916 2900 1081 2992 fortitudo
1098 2901 1191 2973 mem

144 3004 244 3086 rium3
259 2997 315 3070 -de
329 2994 454 3070 lsraeie
471 3018 561 3069 vero
576 2996 657 3088 post
668 3017 736 3068 nos
744 2995 937 3074 salvando:
965 3005 1190 3075 Verumtamen

140 3118 198 3195 per
214 3101 384 3168 Dominum
404 3100 505 3167 Deum
520 3096 654 3194 missum
665 3097 755 3185 salus
769 3099 870 3167 mmm
890 3098 995 3186 Israel.
1047 3098 1190 3176 Deinde

144 3193 360 3269 confitentes
382 3209 552 3289 peccata,
586 3196 622 3267 in
646 3196 771 3285 quibus
797 3195 967 3290 &patres
986 3197 1095 3273 nostri
1113 3200 1190 3274 sue·

142 3311 248 3387 runt,
274 3316 414 3388 nosque
429 3296 491 3389 ipsr
512 3295 608 3367 idola
630 3295 820 3387 colentes,
847 3296 1017 3372 dicimus:
1046 3300 1191 3398 Cmfufio

141 3411 245 3467 autem
263 3392 442 3492 censrsmpfir
457 3394 569 3466 labores
587 3410 715 3489 patrum
737 3394 906 3490 aupitorum
930 3401 970 3468 ab
988 3400 1191 3487 adulescentie

141 3519 263 3583 earum,
288 3519 360 3567 oves
377 3518 479 3564 eorum
494 3493 532 3570 67
548 3495 669 3566 vitulos
689 3518 810 3574 aarum,
828 3496 918 3585 filios
932 3521 1036 3572 aarum
1053 3497 1191 3591 &filias

142 3619 258 3666 aarum.
282 3593 587 3687 ltaquesrpravus
599 3595 702 3666 labor
716 3590 973 3670 consumendus
987 3598 1192 3674 est&men=

143 3693 212 3766 dax
230 3714 322 3788 opus
335 3707 494 3786 patrum,
520 3692 764 3765 consusronem
780 3692 871 3766 nasci
888 3697 1027 3770 necesse
1039 3699 1110 3788 est3
1123 3697 1191 3774 'aria

144 3807 184 3865 te
202 3792 447 3867 confusronen
473 3794 564 3865 enirn
589 3811 665 3864 non
688 3789 905 3865 consumitur
929 3797 1032 3870 labo'r
1051 3815 1194 3890 patrum

142 3895 369 3983 nostrorum,
393 3891 521 3983 &quae
537 3889 724 3964 adduntur.
760 3889 954 3984 Propterea
967 3903 1192 3989 peccantium

144 3989 361 4066 differentias
386 3990 655 4065 consideremus.
712 3987 830 4083 Sunt,
864 3995 922 4084 qui
948 4011 1122 4088 peccent,
1157 4001 1193 4073 u

143 4112 221 4164 non
241 4090 536 4182 confunduntur,
562 4109 678 4179 neque
695 4092 944 4166 verecundiam
962 4098 1194 4190 concipiunt,

145 4211 215 4263 nec
230 4187 440 4264 erubescunt
452 4188 497 4262 de
510 4187 665 4282 peccatis
683 4185 770 4260 suis:
799 4188 991 4266 istiusmodi
1006 4193 1106 4289 sunt,
1131 4197 1192 4287 qul

146 4290 404 4389 desperantes,
427 4285 629 4389 semetipsos
652 4285 874 4368 tradiderunt
894 4296 994 4372 omni
1011 4294 1202 4388 impsum-

631 4382 746 4481 Ccs
1082 4393 1180 4491 t'rce,
