2734 4859
179 634 250 710 10⁸
303 617 540 700 orrorurs
564 588 621 698 uu
642 555 1148 701 courteous-cnunc.

86 759 91 774 „
176 787 256 862 vini
279 783 522 878 differentias,
556 804 688 877 easque
710 804 778 878 pro
803 784 1010 860 diversrtate
1035 785 1207 884 dogmatu

180 886 344 961 constare
358 885 616 982 perspeximus,
633 884 731 976 quod
749 885 797 957 ait
812 884 871 958 hic
889 883 1031 979 sponsa:
1060 893 1152 980 Quia
1167 889 1208 959 bu

172 989 256 1077 suut
276 988 370 1060 ubera
392 991 704 1083 caemeterium,
732 982 836 1078 super
854 986 977 1060 vinum
996 986 1122 1078 utique
1141 988 1208 1062 intt

176 1089 326 1185 ligamus
342 1088 502 1176 bonum,
527 1105 605 1158 non
624 1086 766 1158 malurn.
817 1085 1057 1177 Bonis'enim,
1082 1108 1160 1160 non
1176 1111 1208 1162 nr

177 1190 222 1263 lis
243 1198 448 1279 comparata
469 1185 696 1282 dogmatibus
724 1183 838 1277 spons
866 1185 1031 1280 dogmata
1051 1186 1204 1278 praeseru

177 1299 250 1362 tur.
301 1287 444 1360 Bonum
461 1288 556 1360 enim
579 1287 703 1358 vinum
722 1284 926 1380 gustaverat
945 1287 1041 1380 prius
1055 1288 1093 1359 in
1110 1287 1191 1382 lege

176 1387 385 1483 prophetis:
412 1405 458 1460 ex
472 1405 546 1478 quo
565 1386 923 1477 velutpraenreditata
945 1399 1022 1458 erat
1039 1383 1164 1478 sponsa
1186 1389 1208 1461 la

175 1482 292 1558 tisiam
310 1486 430 1560 cordis
451 1487 636 1578 accipere,
663 1505 705 1557 ac
718 1503 933 1578 praeparare,
959 1497 1001 1556 ut
1017 1505 1147 1578 capere
1164 1509 1208 1580 pc

176 1583 232 1662 set
256 1585 362 1660 etiam
387 1586 503 1676 iliam,
530 1605 607 1677 quae
633 1581 788 1658 affutura
814 1602 891 1658 erat
912 1605 979 1678 per
1005 1587 1116 1657 ubera
1136 1586 1208 1679 ipsu

174 1683 311 1778 spons,
337 1685 633 1780 excellentiorem
655 1683 790 1757 cubitis
812 1686 1160 1792 eminentioremque
1178 1688 1208 1759 d«

175 1784 342 1876 cirinum,
368 1787 473 1860 dicit:
500 1785 690 1873 Bonosum
713 1787 807 1856 ubera
828 1803 883 1856 tuo
898 1786 991 1879 [uper
1008 1791 1137 1858 vinum.
1189 1785 1208 1860 I

172 1885 283 1978 vide,
298 1884 322 1957 sr
338 1885 454 1961 adhuc
469 1883 596 1960 sormae
608 1885 691 1958 huic
703 1898 824 1978 aptare
839 1884 1004 1979 possmus
1019 1884 1113 1959 illam
1129 1907 1208 1959 ever

173 1986 257 2082 getii
283 1985 509 2079 parabolam,
538 2005 615 2076 quae
632 1985 735 2059 dicit:
762 1988 874 2070 Simila
890 1987 929 2082 esi
946 2010 1074 2080 reguum
1095 1987 1208 2056 coelorri

172 2087 320 2172 thesauro
336 2086 509 2173 abscondito
530 2091 567 2154 in
584 2108 681 2179 agro,
708 2109 798 2183 quem
820 2093 877 2183 qui
898 2091 1088 2172 invenerit,
1114 2089 1208 2170 obsco

172 2186 242 2276 dit,
268 2184 307 2258 (5
321 2205 388 2280 pra
401 2186 516 2282 gaudio
532 2188 600 2278 tius
619 2187 731 2271 vadit,
748 2185 793 2272 ,U
812 2188 926 2257 vendit
943 2192 1070 2265 omnio,
1095 2189 1208 2283 quast

171 2286 244 2369 iet,
269 2286 398 2372 &emit
411 2307 522 2380 agrum
537 2287 636 2356 idum.
689 2284 752 2358 Est
766 2305 853 2380 ergo
867 2284 1050 2359 thesaurus
1067 2287 1094 2359 is
1106 2307 1182 2361 non
1200 2290 1208 2360 i

171 2386 315 2460 deserto
333 2386 454 2476 aliquo
470 2388 582 2476 loco,
606 2405 723 2478 neque
741 2388 776 2457 in
791 2386 922 2478 sylvis,
950 2385 1055 2458 sedin
1074 2409 1160 2482 agro
1178 2391 1208 2460 ai

170 2485 366 2568 sconditus.
420 2483 469 2556 Et
484 2485 644 2578 possrbiie
666 2487 792 2593 utique
818 2485 890 2576 cst,
918 2507 1038 2582 agrum
1058 2486 1157 2559 illum
1178 2488 1208 2560 br

169 2587 258 2660 bere
270 2587 376 2657 etiarn
388 2585 535 2666 vineas,
551 2605 629 2675 quae
644 2583 798 2664 asserant
812 2586 957 2677 vinum,
984 2587 1115 2659 habere
1129 2587 1208 2660 etiar

169 2684 400 2775 thesaurum,
442 2700 592 2778 propter
620 2707 726 2776 quem
758 2683 927 2758 distrattis
956 2688 1122 2759 omnibus
1145 2709 1205 2759 em

170 2785 290 2882 agrum
308 2788 406 2857 illum
425 2785 476 2877 is,
505 2787 564 2875 qui
584 2786 775 2857 invenerat
793 2786 841 2857 ibi
860 2783 1070 2859 thesaurum.
1109 2785 1208 2858 Pote

169 2906 258 2982 ergo
273 2886 393 2958 dicere
409 2886 489 2972 ille,
517 2887 576 2975 qui
593 2888 679 2958 emit
697 2906 840 2978 agrum,
868 2885 949 2975 quia
959 2887 1077 2958 bonus
1096 2884 1147 2957 cst
1160 2887 1208 2959 tbi

169 2984 309 3078 saurus,
330 2986 391 3076 qui
408 2983 506 3057 estin
521 2985 629 3080 agro,
655 2987 764 3079 magis
781 3006 884 3075 quam
901 2985 1045 3075 vinum,
1073 2986 1205 3075 quode

166 3087 205 3159 in
231 3092 301 3160 eos
339 3084 393 3156 sta
417 3084 562 3178 ergo&
586 3085 706 3156 bonus
737 3083 787 3156 est
812 3082 957 3175 sponsus
985 3102 1091 3174 atque
1122 3087 1208 3157 uber

166 3184 314 3280 sponsi,
342 3205 419 3278 quae
443 3185 545 3256 velut
567 3184 750 3258 thesaurus
776 3184 1002 3256 absconditus
1022 3182 1072 3254 est
1094 3183 1131 3254 in
1155 3185 1208 3281 leg

167 3286 202 3358 u
224 3285 433 3378 prophetis,
459 3283 590 3378 magis,
617 3306 721 3375 quam
741 3284 887 3376 vinum,
915 3281 1082 3375 quod‘est
1099 3285 1135 3354 in
1163 3288 1208 3357 eir

165 3387 227 3457 illa
244 3387 379 3457 scilicet
402 3383 584 3476 dostrina,
600 3402 688 3476 'quae
706 3383 823 3477 palam
845 3382 915 3475 est,
943 3381 1154 3454 &letificat
1173 3406 1208 3456 at

166 3485 318 3558 dientes.
377 3484 481 3556 Bona
508 3505 595 3579 ergo
627 3484 708 3557 sunt
731 3486 841 3555 ubera
864 3481 990 3575 sponsi.
1055 3482 1208 3555 Thesaur

166 3586 261 3660 eninr
282 3582 362 3657 sunt
379 3583 556 3676 sapientiae
575 3584 608 3655 dr
629 3584 784 3656 scientiae
799 3583 839 3662 ¹in
856 3603 902 3652 eo
923 3580 1139 3654 absconditi:
1170 3606 1208 3674 qt

166 3704 248 3759 cum
274 3685 387 3780 aperti
412 3685 445 3759 dr
464 3681 617 3764 revelati
638 3682 773 3756 fuerint
795 3683 911 3754 oculis
931 3681 1088 3773 sponsa,
1111 3686 1208 3755 mult·

163 3784 429 3883 prestantiores
453 3786 485 3858 ei
502 3781 758 3875 ¹videbuntur,
793 3802 898 3874 quarn
924 3781 994 3854 fuit
1018 3782 1115 3873 prius
1137 3782 1205 3856 istu

164 3885 293 3982 uinum
312 3889 399 3982 legit
420 3884 454 3958 dt
473 3882 643 3957 doctrine
669 3881 906 3976 prophetica.
957 3880 1081 3953 Sed&
1108 3881 1132 3954 sr
1159 3897 1209 3955 ter

163 3988 251 4059 tiam
274 3986 536 4079 expositionem
562 3984 606 4056 de
629 3984 743 4056 anima
762 3979 940 4075 perfetta,
965 3981 1000 4058 u
1019 3984 1135 4056 verbo
1157 3981 1208 4055 De

163 4084 295 4161 sentire
320 4083 744 4178 debeamus‚,poffumus
768 4083 908 4155 dicere:
936 4083 1016 4172 quia
1036 4085 1136 4172 quis„
1164 4084 1208 4156 dc

162 4207 234 4260 uec
251 4189 424 4277 parvulus
440 4184 514 4276 est,
542 4182 575 4256 δι
594 4183 757 4276 nondum
779 4181 1000 4275 semetipsum
1022 4204 1066 4253 ex
1083 4185 1208 4278 integr·

163 4285 420 4385 obtulitDeo,
444 4287 538 4362 bibit
552 4287 698 4380 vinum,
726 4284 824 4378 quod
840 4282 1044 4381 affertager
1062 4283 1144 4372 ille,
1168 4305 1208 4374 qr

100 4343 183 4443 ι
1059 4382 1180 4459 habet
