<?xml version="1.0" encoding="UTF-8"?>
<!DOCTYPE html PUBLIC "-//W3C//DTD XHTML 1.0 Transitional//EN"
    "http://www.w3.org/TR/xhtml1/DTD/xhtml1-transitional.dtd">
<html xmlns="http://www.w3.org/1999/xhtml" xml:lang="en" lang="en">
 <head>
  <title>
</title>
<meta http-equiv="Content-Type" content="text/html;charset=utf-8" />
  <meta name='ocr-system' content='tesseract 3.04.00' />
  <meta name='ocr-capabilities' content='ocr_page ocr_carea ocr_par ocr_line ocrx_word'/>
</head>
<body>
  <div class='ocr_page' id='page_1' title='image "./operaomniasanct06unkngoog_0175.png"; bbox 0 0 2734 4859; ppageno 0'>
   <div class='ocr_carea' id='block_1_1' title="bbox 509 551 1217 706">
    <p class='ocr_par' dir='ltr' id='par_1_1' title="bbox 509 551 1217 706">
     <span class='ocr_line' id='line_1_1' title="bbox 509 551 1217 706; baseline 0.01 -30"><span class='ocrx_word' id='word_1_1' title='bbox 509 591 754 680; x_wconf 80' lang='lat' dir='ltr'><strong>truru</strong></span> <span class='ocrx_word' id='word_1_2' title='bbox 803 601 849 683; x_wconf 89' lang='lat' dir='ltr'><strong>n.</strong></span> <span class='ocrx_word' id='word_1_3' title='bbox 918 551 933 566; x_wconf 47' lang='lat'>⁸</span> <span class='ocrx_word' id='word_1_4' title='bbox 1147 619 1217 706; x_wconf 80' lang='lat'><strong>147</strong></span> 
     </span>
    </p>
   </div>
   <div class='ocr_carea' id='block_1_2' title="bbox 137 755 1277 4264">
    <p class='ocr_par' dir='ltr' id='par_1_2' title="bbox 137 755 1277 4264">
     <span class='ocr_line' id='line_1_2' title="bbox 143 755 1216 863; baseline 0.008 -26"><span class='ocrx_word' id='word_1_5' title='bbox 143 775 248 856; x_wconf 65' lang='lat' dir='ltr'><strong>nram</strong></span> <span class='ocrx_word' id='word_1_6' title='bbox 261 758 417 836; x_wconf 86' lang='lat' dir='ltr'><strong>omniuo</strong></span> <span class='ocrx_word' id='word_1_7' title='bbox 433 755 589 839; x_wconf 71' lang='lat' dir='ltr'><strong>servare.</strong></span> <span class='ocrx_word' id='word_1_8' title='bbox 642 764 757 862; x_wconf 91' lang='lat' dir='ltr'><strong>Quod</strong></span> <span class='ocrx_word' id='word_1_9' title='bbox 771 762 794 838; x_wconf 85' lang='lat' dir='ltr'><strong>sr</strong></span> <span class='ocrx_word' id='word_1_10' title='bbox 808 765 919 842; x_wconf 91' lang='lat' dir='ltr'><strong>etiam</strong></span> <span class='ocrx_word' id='word_1_11' title='bbox 937 764 1084 841; x_wconf 88' lang='lat' dir='ltr'><strong>tertium</strong></span> <span class='ocrx_word' id='word_1_12' title='bbox 1096 771 1216 863; x_wconf 83' lang='lat' dir='ltr'><strong>expla-</strong></span> 
     </span>
     <span class='ocr_line' id='line_1_3' title="bbox 141 863 1213 958; baseline 0.007 -20"><span class='ocrx_word' id='word_1_13' title='bbox 141 863 712 958; x_wconf 81' lang='lat' dir='ltr'><strong>nationiclocumplacetexequi,</strong></span> <span class='ocrx_word' id='word_1_14' title='bbox 740 863 1213 946; x_wconf 83' lang='lat' dir='ltr'><strong>reseramushaecadunam·</strong></span> 
     </span>
     <span class='ocr_line' id='line_1_4' title="bbox 144 965 1214 1059; baseline 0.009 -25"><span class='ocrx_word' id='word_1_15' title='bbox 144 981 321 1056; x_wconf 83' lang='lat' dir='ltr'><strong>quamque</strong></span> <span class='ocrx_word' id='word_1_16' title='bbox 342 965 515 1055; x_wconf 83' lang='lat' dir='ltr'><strong>animam,</strong></span> <span class='ocrx_word' id='word_1_17' title='bbox 542 985 620 1056; x_wconf 81' lang='lat' dir='ltr'><strong>quae</strong></span> <span class='ocrx_word' id='word_1_18' title='bbox 635 966 811 1040; x_wconf 86' lang='lat' dir='ltr'><strong>conversa</strong></span> <span class='ocrx_word' id='word_1_19' title='bbox 827 968 870 1040; x_wconf 86' lang='lat' dir='ltr'><strong>ad</strong></span> <span class='ocrx_word' id='word_1_20' title='bbox 890 968 1032 1059; x_wconf 91' lang='lat' dir='ltr'><strong>Deum,</strong></span> <span class='ocrx_word' id='word_1_21' title='bbox 1056 970 1094 1052; x_wconf 73' lang='lat' dir='ltr'><strong>,dr</strong></span> <span class='ocrx_word' id='word_1_22' title='bbox 1110 970 1154 1042; x_wconf 89' lang='lat' dir='ltr'><strong>ad</strong></span> <span class='ocrx_word' id='word_1_23' title='bbox 1170 968 1214 1044; x_wconf 87' lang='lat' dir='ltr'><strong>fi-</strong></span> 
     </span>
     <span class='ocr_line' id='line_1_5' title="bbox 146 1063 1213 1168; baseline 0.005 -32"><span class='ocrx_word' id='word_1_24' title='bbox 146 1063 224 1138; x_wconf 89' lang='lat' dir='ltr'><strong>dem</strong></span> <span class='ocrx_word' id='word_1_25' title='bbox 244 1063 421 1155; x_wconf 84' lang='lat' dir='ltr'><strong>veniens,</strong></span> <span class='ocrx_word' id='word_1_26' title='bbox 454 1066 588 1157; x_wconf 91' lang='lat' dir='ltr'><strong>patitur</strong></span> <span class='ocrx_word' id='word_1_27' title='bbox 613 1063 686 1137; x_wconf 85' lang='lat' dir='ltr'><strong>fine</strong></span> <span class='ocrx_word' id='word_1_28' title='bbox 706 1067 819 1139; x_wconf 92' lang='lat' dir='ltr'><strong>dubio</strong></span> <span class='ocrx_word' id='word_1_29' title='bbox 841 1068 1106 1164; x_wconf 81' lang='lat' dir='ltr'>cogitationum</span> <span class='ocrx_word' id='word_1_30' title='bbox 1124 1091 1213 1168; x_wconf 81' lang='lat' dir='ltr'><strong>pug-</strong></span> 
     </span>
     <span class='ocr_line' id='line_1_6' title="bbox 143 1163 1213 1256; baseline 0.007 -20"><span class='ocrx_word' id='word_1_31' title='bbox 143 1183 227 1256; x_wconf 81' lang='lat' dir='ltr'><strong>nas,</strong></span> <span class='ocrx_word' id='word_1_32' title='bbox 252 1163 569 1238; x_wconf 75' lang='lat' dir='ltr'><strong>&amp;obluctationes</strong></span> <span class='ocrx_word' id='word_1_33' title='bbox 588 1165 790 1239; x_wconf 85' lang='lat' dir='ltr'><strong>daemonum</strong></span> <span class='ocrx_word' id='word_1_34' title='bbox 806 1187 984 1240; x_wconf 83' lang='lat' dir='ltr'><strong>revocare</strong></span> <span class='ocrx_word' id='word_1_35' title='bbox 999 1189 1076 1240; x_wconf 88' lang='lat' dir='ltr'><strong>earn</strong></span> <span class='ocrx_word' id='word_1_36' title='bbox 1095 1169 1213 1244; x_wconf 84' lang='lat' dir='ltr'><strong>niten-</strong></span> 
     </span>
     <span class='ocr_line' id='line_1_7' title="bbox 143 1261 1213 1358; baseline 0.007 -22"><span class='ocrx_word' id='word_1_37' title='bbox 143 1266 233 1338; x_wconf 85' lang='lat' dir='ltr'><strong>tium</strong></span> <span class='ocrx_word' id='word_1_38' title='bbox 256 1261 303 1336; x_wconf 89' lang='lat' dir='ltr'><strong>ad</strong></span> <span class='ocrx_word' id='word_1_39' title='bbox 327 1264 458 1356; x_wconf 89' lang='lat' dir='ltr'><strong>prioris</strong></span> <span class='ocrx_word' id='word_1_40' title='bbox 484 1267 570 1338; x_wconf 83' lang='lat' dir='ltr'><strong>vitae</strong></span> <span class='ocrx_word' id='word_1_41' title='bbox 588 1264 799 1358; x_wconf 80' lang='lat' dir='ltr'>illecebras,</span> <span class='ocrx_word' id='word_1_42' title='bbox 833 1269 892 1339; x_wconf 88' lang='lat' dir='ltr'><strong>vel</strong></span> <span class='ocrx_word' id='word_1_43' title='bbox 911 1265 1132 1340; x_wconf 88' lang='lat' dir='ltr'><strong>infidelitatis</strong></span> <span class='ocrx_word' id='word_1_44' title='bbox 1156 1291 1213 1342; x_wconf 89' lang='lat' dir='ltr'><strong>er-</strong></span> 
     </span>
     <span class='ocr_line' id='line_1_8' title="bbox 143 1361 1211 1448; baseline 0.008 -14"><span class='ocrx_word' id='word_1_45' title='bbox 143 1381 275 1439; x_wconf 85' lang='lat' dir='ltr'><strong>rorem.</strong></span> <span class='ocrx_word' id='word_1_46' title='bbox 324 1361 396 1438; x_wconf 82' lang='lat' dir='ltr'><strong>Sed</strong></span> <span class='ocrx_word' id='word_1_47' title='bbox 410 1385 459 1438; x_wconf 89' lang='lat' dir='ltr'><strong>ne</strong></span> <span class='ocrx_word' id='word_1_48' title='bbox 475 1363 550 1439; x_wconf 90' lang='lat' dir='ltr'><strong>hoc</strong></span> <span class='ocrx_word' id='word_1_49' title='bbox 562 1361 645 1448; x_wconf 61' lang='lat' dir='ltr'><strong>frat,</strong></span> <span class='ocrx_word' id='word_1_50' title='bbox 665 1386 763 1439; x_wconf 90' lang='lat' dir='ltr'><strong>neve</strong></span> <span class='ocrx_word' id='word_1_51' title='bbox 779 1367 915 1441; x_wconf 89' lang='lat' dir='ltr'><strong>rursum</strong></span> <span class='ocrx_word' id='word_1_52' title='bbox 934 1368 1156 1440; x_wconf 72' lang='lat' dir='ltr'><strong>daemonibus</strong></span> <span class='ocrx_word' id='word_1_53' title='bbox 1172 1370 1211 1444; x_wconf 90' lang='lat' dir='ltr'><strong>in</strong></span> 
     </span>
     <span class='ocr_line' id='line_1_9' title="bbox 143 1465 1211 1559; baseline 0.003 -21"><span class='ocrx_word' id='word_1_54' title='bbox 143 1483 217 1538; x_wconf 81' lang='lat' dir='ltr'><strong>earu</strong></span> <span class='ocrx_word' id='word_1_55' title='bbox 239 1477 382 1538; x_wconf 89' lang='lat' dir='ltr'><strong>tantum</strong></span> <span class='ocrx_word' id='word_1_56' title='bbox 397 1465 524 1559; x_wconf 89' lang='lat' dir='ltr'><strong>liceat,</strong></span> <span class='ocrx_word' id='word_1_57' title='bbox 548 1465 734 1558; x_wconf 81' lang='lat' dir='ltr'>prospexit</span> <span class='ocrx_word' id='word_1_58' title='bbox 749 1467 873 1540; x_wconf 89' lang='lat' dir='ltr'><strong>divina</strong></span> <span class='ocrx_word' id='word_1_59' title='bbox 892 1467 1139 1558; x_wconf 90' lang='lat' dir='ltr'><strong>providentia,</strong></span> <span class='ocrx_word' id='word_1_60' title='bbox 1166 1482 1211 1542; x_wconf 92' lang='lat' dir='ltr'><strong>ut</strong></span> 
     </span>
     <span class='ocr_line' id='line_1_10' title="bbox 143 1565 1212 1662; baseline 0.003 -27"><span class='ocrx_word' id='word_1_61' title='bbox 143 1565 303 1660; x_wconf 86' lang='lat' dir='ltr'><strong>parvulis</strong></span> <span class='ocrx_word' id='word_1_62' title='bbox 321 1565 537 1657; x_wconf 84' lang='lat' dir='ltr'><strong>quibusque,</strong></span> <span class='ocrx_word' id='word_1_63' title='bbox 564 1567 597 1638; x_wconf 85' lang='lat' dir='ltr'><strong>dt</strong></span> <span class='ocrx_word' id='word_1_64' title='bbox 620 1567 688 1659; x_wconf 90' lang='lat' dir='ltr'><strong>his,</strong></span> <span class='ocrx_word' id='word_1_65' title='bbox 715 1569 773 1658; x_wconf 89' lang='lat' dir='ltr'><strong>qui</strong></span> <span class='ocrx_word' id='word_1_66' title='bbox 789 1587 856 1662; x_wconf 89' lang='lat' dir='ltr'><strong>pro</strong></span> <span class='ocrx_word' id='word_1_67' title='bbox 873 1565 1063 1659; x_wconf 88' lang='lat' dir='ltr'><strong>semetipsrs</strong></span> <span class='ocrx_word' id='word_1_68' title='bbox 1081 1568 1212 1640; x_wconf 88' lang='lat' dir='ltr'><strong>adver·</strong></span> 
     </span>
     <span class='ocr_line' id='line_1_11' title="bbox 143 1661 1211 1763; baseline 0.003 -25"><span class='ocrx_word' id='word_1_69' title='bbox 143 1661 196 1738; x_wconf 85' lang='lat' dir='ltr'><strong>sus</strong></span> <span class='ocrx_word' id='word_1_70' title='bbox 209 1661 356 1740; x_wconf 85' lang='lat' dir='ltr'><strong>astutias</strong></span> <span class='ocrx_word' id='word_1_71' title='bbox 375 1665 509 1738; x_wconf 90' lang='lat' dir='ltr'><strong>diaboii</strong></span> <span class='ocrx_word' id='word_1_72' title='bbox 528 1667 778 1740; x_wconf 72' lang='lat' dir='ltr'><strong>&amp;demonum</strong></span> <span class='ocrx_word' id='word_1_73' title='bbox 797 1688 933 1763; x_wconf 85' lang='lat' dir='ltr'><strong>pugnas</strong></span> <span class='ocrx_word' id='word_1_74' title='bbox 950 1667 1117 1739; x_wconf 88' lang='lat' dir='ltr'><strong>dimicare</strong></span> <span class='ocrx_word' id='word_1_75' title='bbox 1131 1687 1211 1742; x_wconf 89' lang='lat' dir='ltr'><strong>nou</strong></span> 
     </span>
     <span class='ocr_line' id='line_1_12' title="bbox 142 1761 1211 1860; baseline 0.001 -22"><span class='ocrx_word' id='word_1_76' title='bbox 142 1761 309 1860; x_wconf 87' lang='lat' dir='ltr'><strong>possunt,</strong></span> <span class='ocrx_word' id='word_1_77' title='bbox 341 1778 475 1858; x_wconf 88' lang='lat' dir='ltr'><strong>utpote</strong></span> <span class='ocrx_word' id='word_1_78' title='bbox 499 1766 654 1839; x_wconf 86' lang='lat' dir='ltr'><strong>infantes</strong></span> <span class='ocrx_word' id='word_1_79' title='bbox 673 1768 789 1840; x_wconf 81' lang='lat' dir='ltr'><strong>adhuc</strong></span> <span class='ocrx_word' id='word_1_80' title='bbox 809 1768 842 1838; x_wconf 90' lang='lat'>&amp;</span> <span class='ocrx_word' id='word_1_81' title='bbox 861 1765 1031 1840; x_wconf 73' lang='lat' dir='ltr'><strong>lasientes</strong></span> <span class='ocrx_word' id='word_1_82' title='bbox 1052 1769 1088 1838; x_wconf 92' lang='lat' dir='ltr'><strong>in</strong></span> <span class='ocrx_word' id='word_1_83' title='bbox 1108 1764 1211 1850; x_wconf 89' lang='lat' dir='ltr'><strong>Chri·</strong></span> 
     </span>
     <span class='ocr_line' id='line_1_13' title="bbox 141 1863 1210 1962; baseline 0 -22"><span class='ocrx_word' id='word_1_84' title='bbox 141 1863 217 1956; x_wconf 85' lang='lat' dir='ltr'><strong>iio,</strong></span> <span class='ocrx_word' id='word_1_85' title='bbox 251 1865 340 1942; x_wconf 82' lang='lat' dir='ltr'><strong>darc</strong></span> <span class='ocrx_word' id='word_1_86' title='bbox 361 1868 510 1960; x_wconf 78' lang='lat' dir='ltr'><strong>angelos</strong></span> <span class='ocrx_word' id='word_1_87' title='bbox 527 1881 818 1962; x_wconf 83' lang='lat' dir='ltr'><strong>propugnatores</strong></span> <span class='ocrx_word' id='word_1_88' title='bbox 836 1869 868 1938; x_wconf 78' lang='lat' dir='ltr'><strong>dt</strong></span> <span class='ocrx_word' id='word_1_89' title='bbox 888 1864 1113 1939; x_wconf 88' lang='lat' dir='ltr'><strong>defensores:</strong></span> <span class='ocrx_word' id='word_1_90' title='bbox 1148 1866 1210 1956; x_wconf 90' lang='lat' dir='ltr'><strong>qui</strong></span> 
     </span>
     <span class='ocr_line' id='line_1_14' title="bbox 140 1964 1277 2064; baseline -0.002 -24"><span class='ocrx_word' id='word_1_91' title='bbox 140 1967 243 2040; x_wconf 78' lang='lat' dir='ltr'><strong>velut</strong></span> <span class='ocrx_word' id='word_1_92' title='bbox 268 1979 414 2039; x_wconf 83' lang='lat' dir='ltr'><strong>tutores</strong></span> <span class='ocrx_word' id='word_1_93' title='bbox 436 1966 751 2062; x_wconf 82' lang='lat' dir='ltr'><strong>&amp;procuratores</strong></span> <span class='ocrx_word' id='word_1_94' title='bbox 774 1967 959 2041; x_wconf 89' lang='lat' dir='ltr'><strong>constituti</strong></span> <span class='ocrx_word' id='word_1_95' title='bbox 979 1964 1094 2039; x_wconf 90' lang='lat' dir='ltr'><strong>sunta</strong></span> <span class='ocrx_word' id='word_1_96' title='bbox 1121 1964 1210 2038; x_wconf 84' lang='lat' dir='ltr'><strong>Deo</strong></span> <span class='ocrx_word' id='word_1_97' title='bbox 1272 2055 1277 2064; x_wconf 28' lang='grc' dir='ltr'>Ι</span> 
     </span>
     <span class='ocr_line' id='line_1_15' title="bbox 140 2063 1211 2160; baseline 0 -22"><span class='ocrx_word' id='word_1_98' title='bbox 140 2081 290 2158; x_wconf 83' lang='lat' dir='ltr'><strong>eorum,</strong></span> <span class='ocrx_word' id='word_1_99' title='bbox 315 2068 429 2158; x_wconf 86' lang='lat' dir='ltr'><strong>quiin</strong></span> <span class='ocrx_word' id='word_1_100' title='bbox 451 2063 590 2140; x_wconf 86' lang='lat' dir='ltr'><strong>infirma</strong></span> <span class='ocrx_word' id='word_1_101' title='bbox 609 2081 716 2140; x_wconf 83' lang='lat' dir='ltr'><strong>aetate</strong></span> <span class='ocrx_word' id='word_1_102' title='bbox 732 2067 834 2160; x_wconf 89' lang='lat' dir='ltr'><strong>posrti</strong></span> <span class='ocrx_word' id='word_1_103' title='bbox 850 2087 918 2159; x_wconf 92' lang='lat' dir='ltr'><strong>pro</strong></span> <span class='ocrx_word' id='word_1_104' title='bbox 936 2064 1140 2157; x_wconf 75' lang='lat' dir='ltr'><strong>semetipsis,</strong></span> <span class='ocrx_word' id='word_1_105' title='bbox 1168 2078 1211 2138; x_wconf 94' lang='lat' dir='ltr'><strong>ut</strong></span> 
     </span>
     <span class='ocr_line' id='line_1_16' title="bbox 139 2165 1210 2267; baseline 0 -29"><span class='ocrx_word' id='word_1_106' title='bbox 139 2165 311 2256; x_wconf 77' lang='lat' dir='ltr'><strong>diximus,</strong></span> <span class='ocrx_word' id='word_1_107' title='bbox 344 2185 503 2266; x_wconf 77' lang='lat' dir='ltr'><strong>pugnare</strong></span> <span class='ocrx_word' id='word_1_108' title='bbox 514 2171 592 2241; x_wconf 86' lang='lat' dir='ltr'><strong>non</strong></span> <span class='ocrx_word' id='word_1_109' title='bbox 612 2165 770 2261; x_wconf 79' lang='lat' dir='ltr'><strong>poliunt.</strong></span> <span class='ocrx_word' id='word_1_110' title='bbox 820 2166 871 2240; x_wconf 82' lang='lat' dir='ltr'><strong>Et</strong></span> <span class='ocrx_word' id='word_1_111' title='bbox 886 2168 1021 2267; x_wconf 27' lang='lat' dir='ltr'><strong>utuhoc</strong></span> <span class='ocrx_word' id='word_1_112' title='bbox 1037 2185 1119 2239; x_wconf 89' lang='lat' dir='ltr'><strong>cum</strong></span> <span class='ocrx_word' id='word_1_113' title='bbox 1138 2187 1210 2239; x_wconf 90' lang='lat' dir='ltr'><strong>rna·</strong></span> 
     </span>
     <span class='ocr_line' id='line_1_17' title="bbox 137 2261 1209 2364; baseline 0.001 -26"><span class='ocrx_word' id='word_1_114' title='bbox 137 2265 205 2358; x_wconf 83' lang='lat' dir='ltr'><strong>jori</strong></span> <span class='ocrx_word' id='word_1_115' title='bbox 224 2261 358 2340; x_wconf 79' lang='lat' dir='ltr'><strong>fiducia</strong></span> <span class='ocrx_word' id='word_1_116' title='bbox 376 2281 495 2364; x_wconf 87' lang='lat' dir='ltr'><strong>agant,</strong></span> <span class='ocrx_word' id='word_1_117' title='bbox 522 2268 738 2340; x_wconf 86' lang='lat' dir='ltr'><strong>conceditur</strong></span> <span class='ocrx_word' id='word_1_118' title='bbox 756 2268 806 2341; x_wconf 88' lang='lat' dir='ltr'><strong>eis</strong></span> <span class='ocrx_word' id='word_1_119' title='bbox 826 2266 962 2363; x_wconf 86' lang='lat' dir='ltr'><strong>semper</strong></span> <span class='ocrx_word' id='word_1_120' title='bbox 976 2266 1103 2339; x_wconf 87' lang='lat' dir='ltr'><strong>videre</strong></span> <span class='ocrx_word' id='word_1_121' title='bbox 1122 2264 1209 2339; x_wconf 86' lang='lat' dir='ltr'><strong>saci·</strong></span> 
     </span>
     <span class='ocr_line' id='line_1_18' title="bbox 141 2364 1210 2462; baseline -0.002 -22"><span class='ocrx_word' id='word_1_122' title='bbox 141 2387 193 2440; x_wconf 87' lang='lat' dir='ltr'><strong>em</strong></span> <span class='ocrx_word' id='word_1_123' title='bbox 212 2366 348 2462; x_wconf 84' lang='lat' dir='ltr'><strong>patris,</strong></span> <span class='ocrx_word' id='word_1_124' title='bbox 383 2365 443 2459; x_wconf 89' lang='lat' dir='ltr'><strong>qui</strong></span> <span class='ocrx_word' id='word_1_125' title='bbox 459 2367 497 2440; x_wconf 92' lang='lat' dir='ltr'><strong>in</strong></span> <span class='ocrx_word' id='word_1_126' title='bbox 511 2369 608 2441; x_wconf 89' lang='lat' dir='ltr'><strong>coelis</strong></span> <span class='ocrx_word' id='word_1_127' title='bbox 628 2366 698 2442; x_wconf 85' lang='lat' dir='ltr'><strong>est:</strong></span> <span class='ocrx_word' id='word_1_128' title='bbox 725 2367 864 2441; x_wconf 82' lang='lat' dir='ltr'><strong>&amp;istos</strong></span> <span class='ocrx_word' id='word_1_129' title='bbox 885 2381 976 2460; x_wconf 90' lang='lat' dir='ltr'><strong>puto</strong></span> <span class='ocrx_word' id='word_1_130' title='bbox 991 2364 1061 2439; x_wconf 90' lang='lat' dir='ltr'><strong>else</strong></span> <span class='ocrx_word' id='word_1_131' title='bbox 1078 2386 1210 2460; x_wconf 83' lang='lat' dir='ltr'><strong>parvu-</strong></span> 
     </span>
     <span class='ocr_line' id='line_1_19' title="bbox 139 2463 1210 2560; baseline -0.001 -20"><span class='ocrx_word' id='word_1_132' title='bbox 139 2465 217 2556; x_wconf 84' lang='lat' dir='ltr'><strong>los,</strong></span> <span class='ocrx_word' id='word_1_133' title='bbox 250 2487 348 2557; x_wconf 87' lang='lat' dir='ltr'><strong>quos</strong></span> <span class='ocrx_word' id='word_1_134' title='bbox 371 2466 499 2542; x_wconf 89' lang='lat' dir='ltr'><strong>venire</strong></span> <span class='ocrx_word' id='word_1_135' title='bbox 522 2469 566 2540; x_wconf 89' lang='lat' dir='ltr'><strong>ad</strong></span> <span class='ocrx_word' id='word_1_136' title='bbox 589 2465 625 2542; x_wconf 92' lang='lat' dir='ltr'><strong>se</strong></span> <span class='ocrx_word' id='word_1_137' title='bbox 650 2466 810 2542; x_wconf 84' lang='lat' dir='ltr'><strong>Christus</strong></span> <span class='ocrx_word' id='word_1_138' title='bbox 830 2468 945 2560; x_wconf 84' lang='lat' dir='ltr'><strong>julsrt,</strong></span> <span class='ocrx_word' id='word_1_139' title='bbox 973 2463 1106 2539; x_wconf 82' lang='lat' dir='ltr'><strong>&amp;non</strong></span> <span class='ocrx_word' id='word_1_140' title='bbox 1126 2466 1210 2539; x_wconf 87' lang='lat' dir='ltr'><strong>srvit</strong></span> 
     </span>
     <span class='ocr_line' id='line_1_20' title="bbox 139 2564 1208 2662; baseline 0.007 -26"><span class='ocrx_word' id='word_1_141' title='bbox 139 2567 347 2660; x_wconf 88' lang='lat' dir='ltr'><strong>prohiberi,</strong></span> <span class='ocrx_word' id='word_1_142' title='bbox 374 2564 514 2661; x_wconf 86' lang='lat' dir='ltr'><strong>&amp;quos</strong></span> <span class='ocrx_word' id='word_1_143' title='bbox 531 2565 668 2662; x_wconf 90' lang='lat' dir='ltr'><strong>semper</strong></span> <span class='ocrx_word' id='word_1_144' title='bbox 689 2569 780 2643; x_wconf 85' lang='lat' dir='ltr'><strong>dixit</strong></span> <span class='ocrx_word' id='word_1_145' title='bbox 795 2570 919 2642; x_wconf 87' lang='lat' dir='ltr'><strong>videre</strong></span> <span class='ocrx_word' id='word_1_146' title='bbox 936 2568 1064 2642; x_wconf 86' lang='lat' dir='ltr'><strong>faciem</strong></span> <span class='ocrx_word' id='word_1_147' title='bbox 1085 2566 1208 2660; x_wconf 89' lang='lat' dir='ltr'><strong>patris.</strong></span> 
     </span>
     <span class='ocr_line' id='line_1_21' title="bbox 139 2666 1210 2761; baseline -0.002 -21"><span class='ocrx_word' id='word_1_148' title='bbox 139 2666 221 2740; x_wconf 86' lang='lat' dir='ltr'><strong>Nec</strong></span> <span class='ocrx_word' id='word_1_149' title='bbox 238 2668 307 2740; x_wconf 91' lang='lat' dir='ltr'><strong>tibi</strong></span> <span class='ocrx_word' id='word_1_150' title='bbox 324 2670 544 2742; x_wconf 89' lang='lat' dir='ltr'><strong>contrarium</strong></span> <span class='ocrx_word' id='word_1_151' title='bbox 558 2670 739 2761; x_wconf 88' lang='lat' dir='ltr'><strong>videatur,</strong></span> <span class='ocrx_word' id='word_1_152' title='bbox 767 2669 870 2742; x_wconf 86' lang='lat' dir='ltr'><strong>ireos</strong></span> <span class='ocrx_word' id='word_1_153' title='bbox 886 2669 963 2741; x_wconf 81' lang='lat' dir='ltr'><strong>haec</strong></span> <span class='ocrx_word' id='word_1_154' title='bbox 977 2668 1102 2753; x_wconf 89' lang='lat' dir='ltr'><strong>anima,</strong></span> <span class='ocrx_word' id='word_1_155' title='bbox 1130 2679 1210 2757; x_wconf 79' lang='lat' dir='ltr'><strong>quae</strong></span> 
     </span>
     <span class='ocr_line' id='line_1_22' title="bbox 139 2766 1209 2863; baseline -0.001 -23"><span class='ocrx_word' id='word_1_156' title='bbox 139 2768 180 2840; x_wconf 80' lang='lat' dir='ltr'><strong>td</strong></span> <span class='ocrx_word' id='word_1_157' title='bbox 201 2767 327 2842; x_wconf 87' lang='lat' dir='ltr'><strong>Deum</strong></span> <span class='ocrx_word' id='word_1_158' title='bbox 342 2767 479 2857; x_wconf 90' lang='lat' dir='ltr'><strong>tendit,</strong></span> <span class='ocrx_word' id='word_1_159' title='bbox 503 2770 626 2842; x_wconf 89' lang='lat' dir='ltr'><strong>matris</strong></span> <span class='ocrx_word' id='word_1_160' title='bbox 648 2767 716 2841; x_wconf 84' lang='lat' dir='ltr'><strong>suae</strong></span> <span class='ocrx_word' id='word_1_161' title='bbox 737 2768 832 2841; x_wconf 85' lang='lat' dir='ltr'><strong>filios</strong></span> <span class='ocrx_word' id='word_1_162' title='bbox 847 2771 1013 2863; x_wconf 87' lang='lat' dir='ltr'><strong>appellat.</strong></span> <span class='ocrx_word' id='word_1_163' title='bbox 1065 2766 1099 2838; x_wconf 87' lang='lat' dir='ltr'><strong>Si</strong></span> <span class='ocrx_word' id='word_1_164' title='bbox 1112 2766 1209 2839; x_wconf 88' lang='lat' dir='ltr'><strong>enirn</strong></span> 
     </span>
     <span class='ocr_line' id='line_1_23' title="bbox 139 2864 1208 2961; baseline -0.003 -21"><span class='ocrx_word' id='word_1_165' title='bbox 139 2867 337 2942; x_wconf 80' lang='lat' dir='ltr'><strong>mimarum</strong></span> <span class='ocrx_word' id='word_1_166' title='bbox 365 2881 480 2942; x_wconf 84' lang='lat' dir='ltr'><strong>mater</strong></span> <span class='ocrx_word' id='word_1_167' title='bbox 507 2867 729 2942; x_wconf 86' lang='lat' dir='ltr'><strong>Hierusalem</strong></span> <span class='ocrx_word' id='word_1_168' title='bbox 752 2867 900 2942; x_wconf 87' lang='lat' dir='ltr'><strong>coelestis</strong></span> <span class='ocrx_word' id='word_1_169' title='bbox 927 2865 999 2957; x_wconf 84' lang='lat' dir='ltr'><strong>est,</strong></span> <span class='ocrx_word' id='word_1_170' title='bbox 1034 2864 1208 2961; x_wconf 80' lang='lat' dir='ltr'><strong>&amp;angeli</strong></span> 
     </span>
     <span class='ocr_line' id='line_1_24' title="bbox 138 2961 1212 3061; baseline -0.007 -19"><span class='ocrx_word' id='word_1_171' title='bbox 138 2967 374 3042; x_wconf 83' lang='lat' dir='ltr'><strong>nihilominus</strong></span> <span class='ocrx_word' id='word_1_172' title='bbox 393 2967 551 3041; x_wconf 87' lang='lat' dir='ltr'><strong>coelestes</strong></span> <span class='ocrx_word' id='word_1_173' title='bbox 568 2971 821 3061; x_wconf 87' lang='lat' dir='ltr'><strong>nominantur,</strong></span> <span class='ocrx_word' id='word_1_174' title='bbox 848 2968 938 3042; x_wconf 89' lang='lat' dir='ltr'><strong>nihil</strong></span> <span class='ocrx_word' id='word_1_175' title='bbox 959 2963 1136 3040; x_wconf 86' lang='lat' dir='ltr'><strong>dissonans</strong></span> <span class='ocrx_word' id='word_1_176' title='bbox 1156 2961 1212 3035; x_wconf 92' lang='lat' dir='ltr'><strong>vi·</strong></span> 
     </span>
     <span class='ocr_line' id='line_1_25' title="bbox 139 3061 1209 3162; baseline -0.005 -22"><span class='ocrx_word' id='word_1_177' title='bbox 139 3065 307 3159; x_wconf 83' lang='lat' dir='ltr'><strong>debitur,</strong></span> <span class='ocrx_word' id='word_1_178' title='bbox 333 3065 359 3140; x_wconf 88' lang='lat' dir='ltr'><strong>sr</strong></span> <span class='ocrx_word' id='word_1_179' title='bbox 379 3067 435 3160; x_wconf 90' lang='lat' dir='ltr'><strong>hi,</strong></span> <span class='ocrx_word' id='word_1_180' title='bbox 460 3071 518 3160; x_wconf 91' lang='lat' dir='ltr'><strong>qui</strong></span> <span class='ocrx_word' id='word_1_181' title='bbox 540 3067 697 3142; x_wconf 90' lang='lat' dir='ltr'><strong>srmiliter</strong></span> <span class='ocrx_word' id='word_1_182' title='bbox 714 3083 755 3140; x_wconf 91' lang='lat' dir='ltr'><strong>ut</strong></span> <span class='ocrx_word' id='word_1_183' title='bbox 774 3066 845 3162; x_wconf 87' lang='lat' dir='ltr'><strong>ipsa</strong></span> <span class='ocrx_word' id='word_1_184' title='bbox 865 3064 1020 3139; x_wconf 77' lang='lat' dir='ltr'><strong>caelestes</strong></span> <span class='ocrx_word' id='word_1_185' title='bbox 1036 3064 1136 3154; x_wconf 92' lang='lat' dir='ltr'><strong>sunt,</strong></span> <span class='ocrx_word' id='word_1_186' title='bbox 1164 3061 1209 3135; x_wconf 93' lang='lat' dir='ltr'><strong>ab</strong></span> 
     </span>
     <span class='ocr_line' id='line_1_26' title="bbox 139 3161 1210 3262; baseline -0.003 -24"><span class='ocrx_word' id='word_1_187' title='bbox 139 3185 181 3238; x_wconf 87' lang='lat' dir='ltr'><strong>ea</strong></span> <span class='ocrx_word' id='word_1_188' title='bbox 196 3161 263 3240; x_wconf 87' lang='lat' dir='ltr'><strong>filii</strong></span> <span class='ocrx_word' id='word_1_189' title='bbox 283 3167 407 3242; x_wconf 90' lang='lat' dir='ltr'><strong>matris</strong></span> <span class='ocrx_word' id='word_1_190' title='bbox 424 3170 659 3261; x_wconf 88' lang='lat' dir='ltr'><strong>appellantur.</strong></span> <span class='ocrx_word' id='word_1_191' title='bbox 710 3169 825 3262; x_wconf 88' lang='lat' dir='ltr'><strong>Super</strong></span> <span class='ocrx_word' id='word_1_192' title='bbox 845 3167 966 3241; x_wconf 85' lang='lat' dir='ltr'><strong>omnia</strong></span> <span class='ocrx_word' id='word_1_193' title='bbox 982 3178 1100 3237; x_wconf 89' lang='lat' dir='ltr'><strong>autem</strong></span> <span class='ocrx_word' id='word_1_194' title='bbox 1121 3182 1210 3236; x_wconf 91' lang='lat' dir='ltr'><strong>con·</strong></span> 
     </span>
     <span class='ocr_line' id='line_1_27' title="bbox 140 3259 1212 3361; baseline 0 -26"><span class='ocrx_word' id='word_1_195' title='bbox 140 3284 267 3361; x_wconf 74' lang='lat' dir='ltr'><strong>gruum</strong></span> <span class='ocrx_word' id='word_1_196' title='bbox 287 3266 471 3341; x_wconf 91' lang='lat' dir='ltr'><strong>videbitur</strong></span> <span class='ocrx_word' id='word_1_197' title='bbox 488 3269 520 3340; x_wconf 78' lang='lat' dir='ltr'><strong>dc</strong></span> <span class='ocrx_word' id='word_1_198' title='bbox 537 3270 785 3354; x_wconf 84' lang='lat' dir='ltr'><strong>conveniens,</strong></span> <span class='ocrx_word' id='word_1_199' title='bbox 811 3282 870 3355; x_wconf 89' lang='lat' dir='ltr'><strong>ut,</strong></span> <span class='ocrx_word' id='word_1_200' title='bbox 898 3268 1028 3358; x_wconf 87' lang='lat' dir='ltr'><strong>quibus</strong></span> <span class='ocrx_word' id='word_1_201' title='bbox 1049 3284 1139 3337; x_wconf 91' lang='lat' dir='ltr'><strong>unus</strong></span> <span class='ocrx_word' id='word_1_202' title='bbox 1159 3259 1212 3336; x_wconf 90' lang='lat' dir='ltr'><strong>est</strong></span> 
     </span>
     <span class='ocr_line' id='line_1_28' title="bbox 139 3361 1211 3460; baseline -0.004 -21"><span class='ocrx_word' id='word_1_203' title='bbox 139 3383 243 3458; x_wconf 87' lang='lat' dir='ltr'><strong>pater</strong></span> <span class='ocrx_word' id='word_1_204' title='bbox 259 3363 386 3460; x_wconf 87' lang='lat' dir='ltr'><strong>Deus,</strong></span> <span class='ocrx_word' id='word_1_205' title='bbox 411 3387 483 3442; x_wconf 88' lang='lat' dir='ltr'><strong>una</strong></span> <span class='ocrx_word' id='word_1_206' title='bbox 498 3370 541 3441; x_wconf 84' lang='lat' dir='ltr'><strong>srt</strong></span> <span class='ocrx_word' id='word_1_207' title='bbox 558 3369 593 3442; x_wconf 78' lang='lat' dir='ltr'><strong>u</strong></span> <span class='ocrx_word' id='word_1_208' title='bbox 609 3366 828 3443; x_wconf 86' lang='lat' dir='ltr'><strong>Hierusalem</strong></span> <span class='ocrx_word' id='word_1_209' title='bbox 844 3382 969 3442; x_wconf 88' lang='lat' dir='ltr'><strong>mater.</strong></span> <span class='ocrx_word' id='word_1_210' title='bbox 1021 3361 1135 3459; x_wconf 87' lang='lat' dir='ltr'><strong>Quod</strong></span> <span class='ocrx_word' id='word_1_211' title='bbox 1147 3384 1211 3435; x_wconf 92' lang='lat' dir='ltr'><strong>ve·</strong></span> 
     </span>
     <span class='ocr_line' id='line_1_29' title="bbox 139 3464 1211 3567; baseline -0.002 -31"><span class='ocrx_word' id='word_1_212' title='bbox 139 3484 183 3538; x_wconf 85' lang='lat' dir='ltr'><strong>ro</strong></span> <span class='ocrx_word' id='word_1_213' title='bbox 211 3467 282 3540; x_wconf 82' lang='lat' dir='ltr'><strong>ait:</strong></span> <span class='ocrx_word' id='word_1_214' title='bbox 329 3470 465 3538; x_wconf 82' lang='lat' dir='ltr'><strong>Vincam</strong></span> <span class='ocrx_word' id='word_1_215' title='bbox 485 3493 583 3539; x_wconf 80' lang='lat' dir='ltr'><strong>meum</strong></span> <span class='ocrx_word' id='word_1_216' title='bbox 606 3494 672 3540; x_wconf 85' lang='lat' dir='ltr'><strong>non</strong></span> <span class='ocrx_word' id='word_1_217' title='bbox 690 3470 857 3567; x_wconf 55' lang='lat' dir='ltr'><strong>culitdivi,</strong></span> <span class='ocrx_word' id='word_1_218' title='bbox 892 3465 1054 3540; x_wconf 86' lang='lat' dir='ltr'><strong>instituta</strong></span> <span class='ocrx_word' id='word_1_219' title='bbox 1082 3464 1141 3536; x_wconf 84' lang='lat' dir='ltr'><strong>illa</strong></span> <span class='ocrx_word' id='word_1_220' title='bbox 1167 3480 1211 3535; x_wconf 82' lang='lat' dir='ltr'><strong>ac</strong></span> 
     </span>
     <span class='ocr_line' id='line_1_30' title="bbox 140 3561 1211 3662; baseline -0.001 -24"><span class='ocrx_word' id='word_1_221' title='bbox 140 3585 263 3639; x_wconf 82' lang='lat' dir='ltr'><strong>mores</strong></span> <span class='ocrx_word' id='word_1_222' title='bbox 277 3562 313 3638; x_wconf 82' lang='lat' dir='ltr'><strong>dt</strong></span> <span class='ocrx_word' id='word_1_223' title='bbox 328 3567 576 3662; x_wconf 90' lang='lat' dir='ltr'><strong>proposrtum,</strong></span> <span class='ocrx_word' id='word_1_224' title='bbox 610 3571 647 3642; x_wconf 91' lang='lat' dir='ltr'><strong>in</strong></span> <span class='ocrx_word' id='word_1_225' title='bbox 668 3591 742 3662; x_wconf 92' lang='lat' dir='ltr'><strong>quo</strong></span> <span class='ocrx_word' id='word_1_226' title='bbox 760 3569 1000 3643; x_wconf 86' lang='lat' dir='ltr'><strong>exercebatur</strong></span> <span class='ocrx_word' id='word_1_227' title='bbox 1016 3561 1211 3638; x_wconf 88' lang='lat' dir='ltr'><strong>secundum</strong></span> 
     </span>
     <span class='ocr_line' id='line_1_31' title="bbox 140 3663 1212 3764; baseline -0.005 -26"><span class='ocrx_word' id='word_1_228' title='bbox 140 3681 306 3739; x_wconf 85' lang='lat' dir='ltr'><strong>veterem</strong></span> <span class='ocrx_word' id='word_1_229' title='bbox 324 3666 507 3742; x_wconf 86' lang='lat' dir='ltr'><strong>hominem</strong></span> <span class='ocrx_word' id='word_1_230' title='bbox 520 3671 666 3764; x_wconf 90' lang='lat' dir='ltr'><strong>vivens,</strong></span> <span class='ocrx_word' id='word_1_231' title='bbox 693 3670 850 3743; x_wconf 85' lang='lat' dir='ltr'><strong>indicare</strong></span> <span class='ocrx_word' id='word_1_232' title='bbox 868 3666 1012 3740; x_wconf 89' lang='lat' dir='ltr'><strong>videtur</strong></span> <span class='ocrx_word' id='word_1_233' title='bbox 1027 3663 1212 3736; x_wconf 88' lang='lat' dir='ltr'><strong>laudabili·</strong></span> 
     </span>
     <span class='ocr_line' id='line_1_32' title="bbox 139 3762 1209 3861; baseline -0.007 -21"><span class='ocrx_word' id='word_1_234' title='bbox 139 3777 196 3840; x_wconf 87' lang='lat' dir='ltr'><strong>ter</strong></span> <span class='ocrx_word' id='word_1_235' title='bbox 221 3787 243 3840; x_wconf 87' lang='lat' dir='ltr'><strong>a</strong></span> <span class='ocrx_word' id='word_1_236' title='bbox 268 3763 305 3839; x_wconf 90' lang='lat' dir='ltr'><strong>se</strong></span> <span class='ocrx_word' id='word_1_237' title='bbox 322 3787 398 3841; x_wconf 93' lang='lat' dir='ltr'><strong>non</strong></span> <span class='ocrx_word' id='word_1_238' title='bbox 423 3766 493 3842; x_wconf 88' lang='lat' dir='ltr'><strong>else</strong></span> <span class='ocrx_word' id='word_1_239' title='bbox 515 3766 666 3842; x_wconf 88' lang='lat' dir='ltr'><strong>servata.</strong></span> <span class='ocrx_word' id='word_1_240' title='bbox 720 3769 774 3843; x_wconf 75' lang='lat' dir='ltr'><strong>lix</strong></span> <span class='ocrx_word' id='word_1_241' title='bbox 793 3791 865 3861; x_wconf 88' lang='lat' dir='ltr'><strong>quo</strong></span> <span class='ocrx_word' id='word_1_242' title='bbox 883 3780 1002 3840; x_wconf 87' lang='lat' dir='ltr'><strong>autem</strong></span> <span class='ocrx_word' id='word_1_243' title='bbox 1023 3762 1209 3854; x_wconf 89' lang='lat' dir='ltr'><strong>adjutorio</strong></span> 
     </span>
     <span class='ocr_line' id='line_1_33' title="bbox 139 3861 1211 3964; baseline -0.007 -24"><span class='ocrx_word' id='word_1_244' title='bbox 139 3867 352 3964; x_wconf 81' lang='lat' dir='ltr'><strong>angelorum</strong></span> <span class='ocrx_word' id='word_1_245' title='bbox 374 3866 579 3963; x_wconf 89' lang='lat' dir='ltr'><strong>dimicavit,</strong></span> <span class='ocrx_word' id='word_1_246' title='bbox 612 3870 703 3941; x_wconf 90' lang='lat' dir='ltr'><strong>vicit</strong></span> <span class='ocrx_word' id='word_1_247' title='bbox 719 3893 760 3942; x_wconf 85' lang='lat' dir='ltr'><strong>ac</strong></span> <span class='ocrx_word' id='word_1_248' title='bbox 783 3871 923 3962; x_wconf 89' lang='lat' dir='ltr'><strong>penitus</strong></span> <span class='ocrx_word' id='word_1_249' title='bbox 945 3890 963 3939; x_wconf 82' lang='lat' dir='ltr'><strong>a</strong></span> <span class='ocrx_word' id='word_1_250' title='bbox 982 3863 1017 3937; x_wconf 92' lang='lat' dir='ltr'><strong>se</strong></span> <span class='ocrx_word' id='word_1_251' title='bbox 1033 3861 1211 3956; x_wconf 85' lang='lat' dir='ltr'><strong>effugavit</strong></span> 
     </span>
     <span class='ocr_line' id='line_1_34' title="bbox 141 3956 1211 4062; baseline -0.003 -27"><span class='ocrx_word' id='word_1_252' title='bbox 141 3982 305 4040; x_wconf 84' lang='lat' dir='ltr'><strong>veterem</strong></span> <span class='ocrx_word' id='word_1_253' title='bbox 321 3969 503 4042; x_wconf 87' lang='lat' dir='ltr'><strong>hominem</strong></span> <span class='ocrx_word' id='word_1_254' title='bbox 520 3991 600 4044; x_wconf 94' lang='lat' dir='ltr'><strong>cum</strong></span> <span class='ocrx_word' id='word_1_255' title='bbox 617 3969 751 4043; x_wconf 77' lang='lat' dir='ltr'><strong>auibus</strong></span> <span class='ocrx_word' id='word_1_256' title='bbox 768 3971 848 4062; x_wconf 86' lang='lat' dir='ltr'><strong>suis,</strong></span> <span class='ocrx_word' id='word_1_257' title='bbox 877 3964 1144 4053; x_wconf 89' lang='lat' dir='ltr'><strong>constitutaque</strong></span> <span class='ocrx_word' id='word_1_258' title='bbox 1159 3956 1211 4032; x_wconf 91' lang='lat' dir='ltr'><strong>est</strong></span> 
     </span>
     <span class='ocr_line' id='line_1_35' title="bbox 141 4062 1211 4163; baseline -0.002 -29"><span class='ocrx_word' id='word_1_259' title='bbox 141 4062 248 4140; x_wconf 84' lang='lat' dir='ltr'><strong>abeis</strong></span> <span class='ocrx_word' id='word_1_260' title='bbox 261 4069 449 4142; x_wconf 89' lang='lat' dir='ltr'><strong>vinearum</strong></span> <span class='ocrx_word' id='word_1_261' title='bbox 467 4068 602 4163; x_wconf 90' lang='lat' dir='ltr'><strong>custos,</strong></span> <span class='ocrx_word' id='word_1_262' title='bbox 628 4069 788 4145; x_wconf 88' lang='lat' dir='ltr'><strong>sensuum</strong></span> <span class='ocrx_word' id='word_1_263' title='bbox 803 4070 937 4143; x_wconf 85' lang='lat' dir='ltr'><strong>scilicet</strong></span> <span class='ocrx_word' id='word_1_264' title='bbox 952 4068 985 4139; x_wconf 83' lang='lat'>&amp;</span> <span class='ocrx_word' id='word_1_265' title='bbox 1002 4065 1211 4157; x_wconf 85' lang='lat' dir='ltr'><strong>dogmatum</strong></span> 
     </span>
     <span class='ocr_line' id='line_1_36' title="bbox 142 4159 1211 4264; baseline 0 -28"><span class='ocrx_word' id='word_1_266' title='bbox 142 4161 371 4262; x_wconf 88' lang='lat' dir='ltr'><strong>divinorum,</strong></span> <span class='ocrx_word' id='word_1_267' title='bbox 399 4172 588 4264; x_wconf 87' lang='lat' dir='ltr'><strong>exquibus</strong></span> <span class='ocrx_word' id='word_1_268' title='bbox 607 4169 714 4264; x_wconf 76' lang='lat' dir='ltr'><strong>polit</strong></span> <span class='ocrx_word' id='word_1_269' title='bbox 732 4172 857 4248; x_wconf 89' lang='lat' dir='ltr'><strong>vinum</strong></span> <span class='ocrx_word' id='word_1_270' title='bbox 874 4171 1018 4258; x_wconf 84' lang='lat' dir='ltr'><strong>bibere,</strong></span> <span class='ocrx_word' id='word_1_271' title='bbox 1045 4159 1211 4253; x_wconf 74' lang='lat' dir='ltr'><strong>quedle-</strong></span> 
     </span>
    </p>
   </div>
   <div class='ocr_carea' id='block_1_3' title="bbox 142 4259 579 4360">
    <p class='ocr_par' dir='ltr' id='par_1_3' title="bbox 142 4259 579 4360">
     <span class='ocr_line' id='line_1_37' title="bbox 142 4259 579 4360; baseline 0 -20"><span class='ocrx_word' id='word_1_272' title='bbox 142 4259 257 4340; x_wconf 85' lang='lat' dir='ltr'><strong>tilicet</strong></span> <span class='ocrx_word' id='word_1_273' title='bbox 271 4283 341 4340; x_wconf 91' lang='lat' dir='ltr'><strong>cor</strong></span> <span class='ocrx_word' id='word_1_274' title='bbox 358 4268 449 4360; x_wconf 84' lang='lat' dir='ltr'><strong>ejus.</strong></span> <span class='ocrx_word' id='word_1_275' title='bbox 575 4333 579 4340; x_wconf 85' lang='lat'><em>.</em></span> 
     </span>
    </p>
   </div>
   <div class='ocr_carea' id='block_1_4' title="bbox 601 4363 1178 4454">
    <p class='ocr_par' dir='ltr' id='par_1_4' title="bbox 601 4363 1178 4454">
     <span class='ocr_line' id='line_1_38' title="bbox 601 4363 1178 4454; baseline -0.023 0"><span class='ocrx_word' id='word_1_276' title='bbox 601 4364 645 4454; x_wconf 78' lang='grc' dir='ltr'><em>Κ</em></span> <span class='ocrx_word' id='word_1_277' title='bbox 666 4388 690 4444; x_wconf 86' lang='lat'><em>2</em></span> <span class='ocrx_word' id='word_1_278' title='bbox 1023 4363 1178 4448; x_wconf 78' lang='lat' dir='ltr'><strong>Annun-</strong></span> 
     </span>
    </p>
   </div>
   <div class='ocr_carea' id='block_1_5' title="bbox 0 0 1372 4859">
    <p class='ocr_par' dir='ltr' id='par_1_5' title="bbox 0 0 1372 4859">
     <span class='ocr_line' id='line_1_39' title="bbox 0 0 1372 4859; baseline 0 0"><span class='ocrx_word' id='word_1_279' title='bbox 0 0 1372 4859; x_wconf 95' lang='lat' dir='ltr'><strong> </strong></span> 
     </span>
    </p>
   </div>
  </div>
 </body>
</html>
