2734 4859
848 725 1052 830 ΗΟ
1102 725 1196 806 M
1242 729 1275 804 1
1322 726 1392 811 L·
1441 718 1596 806 1]st
1691 719 1909 806 xm.
2097 737 2106 750 '
2287 727 2436 812 683

302 895 482 976 Deo
514 897 723 972 bono
762 891 905 968 ess'e
935 892 1330 988 putandum
1373 889 1500 969 est.
1601 891 1786 993 Quia
1825 890 2016 968 enim
2039 885 2182 967 effe
2217 893 2441 990 neget

308 997 656 1073 absonum
682 1047 711 1086 ,
758 992 811 1067 fi
848 991 1021 1067 Deo
1070 991 1470 1086 tribuatur,
1523 1011 1686 1066 eum
1730 989 1976 1084 irasci,
2017 989 2438 1068 inflammari

300 1100 458 1190 ira,
494 1094 938 1191 -poenitentia
982 1093 1145 1167 duci
1166 1145 1194 1188 ‚
1242 1094 1398 1170 imo
1439 1091 1510 1166 ἃ
1561 1092 1878 1169 dormite
1901 1089 1940 1166 ἲ
1989 1088 2133 1168 Sed
2169 1092 2437 1170 horum

302 1194 870 1288 unumquodque
922 1192 1012 1265 ab
1066 1213 1163 1267 eo
1198 1245 1228 1286 ‚
1292 1192 1414 1286 qui
1459 1191 1810 1268 obscuros
1843 1193 2146 1266 noverit
2186 1193 2435 1268 audire

301 1295 717 1385 sermones,
767 1291 1054 1390 dignum
1082 1292 1253 1367 Deo
1274 1291 1734 1386 judicabitur.
1833 1287 2122 1367 Etenim
2140 1292 2246 1366 ira
2275 1293 2432 1387 eju·

302 1389 741 1488 infructuosa
788 1389 943 1467 non
994 1389 1139 1486 est,
1195 1390 1315 1468 sed
1360 1391 1543 1468 ficut
1591 1391 1898 1466 verbum
1947 1390 2102 1484 eius
2153 1392 2437 1486 erudit,

302 1497 410 1570 ita
440 1495 631 1582 &ira
658 1492 847 1585 ejus:
903 1512 1088 1584 quos
1114 1489 1303 1568 enim
1320 1494 1629 1567 verbum
1653 1511 1808 1568 non
1827 1490 2123 1586 erudiit,
2149 1492 2252 1567 ira
2275 1511 2435 1568 eru·

306 1596 459 1687 dit,
511 1591 581 1667 &
607 1588 889 1666 necefl'e
920 1589 1023 1666 est
1050 1589 1291 1667 Deum
1310 1590 1609 1667 accendi
1637 1611 1768 1687 ea,
1817 1609 1976 1684 quae
2006 1590 2268 1666 dicitur
2297 1592 2430 1688 itt,

306 1690 905 1786 quemadmodum
933 1713 1072 1785 eo,
1124 1691 1323 1785 quod
1352 1691 1656 1768 verbum
1684 1691 2135 1783 nominatur,
2159 1691 2432 1769 'utitura

304 1791 575 1884 Neque
601 1791 793 1867 enim
817 1792 1123 1867 verbum
1147 1793 1331 1866 illius
1354 1792 1501 1866 tale
1535 1789 1682 1886 est,
1733 1789 1943 1885 quale
1973 1789 2078 1866 est
2109 1791 2433 1870 omnium

307 1891 641 1970 verbum.
736 1889 1030 1966 Nullius
1078 1893 1384 1968 verbum
1423 1894 1688 1966 vivens
1722 1909 1770 1985 ‚·
1813 1891 2080 1966 nullius
2125 1894 2430 1968 verbum

308 1990 516 2067 Deus
570 1988 691 2068 est.
796 1988 1086 2065 Nullius
1139 1991 1444 2067 verbum
1497 1991 1574 2066 in
1667 1990 1977 2085 rincipio
2037 2007 2197 2064 erat
2239 1989 2434 2086 apud

300 2087 595 2184 Deum,
646 2091 849 2183 cujns
879 2104 1034 2165 erat
1062 2092 1393 2167 verbum.
1494 2088 1560 2162 E
1619 2087 1895 2166 isolum
1934 2105 2132 2187 erat,
2185 2111 2226 2165 a
2249 2111 2436 2184 quo·
2582 2101 2586 2106 '

304 2191 471 2269 dam
509 2203 667 2266 erat
712 2190 1093 2286 principio,
1166 2189 1534 2270 ‚Similiter
1577 2189 1646 2263 &
1693 2190 1798 2264 ira
1831 2188 1972 2264 Dei
2021 2191 2283 2266 nullius
2328 2189 2433 2265 est

302 2289 413 2368 ira
437 2346 463 2386 ,
512 2291 719 2384 cujus
762 2285 890 2367 ira.
990 2288 1091 2364 Et
1118 2290 1714 2383 quemadmodum
1765 2287 1906 2365 Dei
1943 2291 2250 2366 verbum
2285 2310 2433 2384 prae

308 2391 509 2467 omni
540 2392 1052 2484 cujuscumque
1096 2391 1331 2465 verbo
1358 2391 1723 2485 peculiare
1755 2389 1928 2483 quid
1963 2389 2037 2466 in
2073 2385 2145 2465 se
2182 2389 2434 2486 habet,

302 2491 815 2589 peculiareque
848 2491 949 2564 illi
984 2487 1091 2565 est
1130 2489 1274 2566 effe
1302 2490 1587 2586 Deum,
1633 2489 1709 2564 ἃ.
1735 2491 2042 2566 verbum
2071 2491 2330 2565 vivum
2352 2492 2432 2566 iu

304 2590 382 2667 se
423 2587 788 2667 subfistens
820 2589 891 2664 δι
915 2589 1313 2665 ministrare
1342 2589 1568 2665 Patria
1615 2589 1714 2666 sic
1737 2589 1866 2673 ubi
1903 2590 2009 2662 ira
2037 2588 2181 2664 Dei
2213 2588 2430 2678 semel

300 2691 678 2769 nominata
694 2689 836 2784 est,
888 2691 1250 2786 peculiare
1274 2690 1442 2784 quid
1474 2691 1542 2766 &
1571 2687 1929 2766 diversum
1957 2687 2178 2766 habet
2195 2713 2236 2767 a
2261 2709 2431 2781 que-2

308 2792 425 2865 vis
450 2789 609 2865 irati
636 2791 763 2866 ira.
862 2787 1141 2867 Eodem
1170 2790 1398 2867 modo
1433 2791 1640 2866 furor
1677 2791 1829 2883 eius
1907 2791 2232 2885 roprium
2259 2787 2431 2884 quid

303 2889 547 2966 habet.
648 2887 831 2970 Cum
878 2893 1065 2964 enim
1108 2891 1183 2965 in
1216 2889 1469 2965 furore
1498 2889 1734 2987 arguit
1760 2939 1787 2981 ,
1919 2907 2048 2964 ror
2087 2891 2241 2982 ejus
2286 2889 2430 2963 ori·

304 3005 431 3064 tur
458 3012 547 3065 ex
567 2986 947 3085 proposito
964 3043 991 3082 ‚
1025 2991 1224 3082 quod
1253 3010 1416 3064 eum
1434 3039 1461 3074 ‚
1496 2991 1621 3084 qui
1641 2986 2232 3083 reprehenditur,
2262 2991 2452 3064 vult·

304 3088 867 3185 reprehenfione
896 3107 1357 3165 convertere.
1458 3087 1726 3187 Arguit
1749 3086 1819 3162 &
1845 3089 2199 3184 verbum,
2247 3088 2432 3166 ficut

302 3191 545 3266 erudit
582 3191 889 3265 verbum
917 3243 947 3282 ‚
1010 3188 1130 3266 sed
1166 3211 1321 3265 non
1365 3191 1466 3264 ita
1499 3186 1734 3286 arguit
1765 3188 2071 3264 verbum
2102 3241 2132 3282 ‚
2195 3203 2278 3263 ut
2313 3209 2429 3264 ar·

302 3292 463 3390 guit
496 3289 728 3366 furor.
830 3291 979 3392 Qui
1016 3292 1205 3366 enim
1241 3310 1282 3364 a
1319 3292 1555 3364 verbo
1594 3287 2003 3382 reprehenfi
2043 3287 2132 3364 ad
2175 3288 2428 3366 melio·

303 3412 462 3466 rem
496 3391 773 3487 frugem
808 3410 961 3465 non
998 3387 1164 3466 suut
1188 3390 1521 3464 revocati
1541 3441 1570 3482 ‚
1615 3407 1803 3484 opus
1837 3389 1981 3464 erit
2004 3439 2026 3475 ,
2074 3404 2161 3462 ut
2200 3388 2276 3463 in
2317 3388 2428 3466 fi».

300 3511 478 3564 rore
524 3501 929 3588 arguantur.
1032 3488 1205 3564 Dixi
1242 3491 1458 3566 etiam
1502 3489 1875 3585 quamdam
1917 3484 2064 3562 effe
2099 3485 2245 3564 Dei
2286 3507 2432 3582 ρω-

298 3589 683 3666 nitentiam
704 3641 732 3684 ‚
783 3611 939 3683 quae
973 3610 1104 3684 per
1137 3592 1207 3664 se
1232 3589 1501 3664 absona
1536 3588 1914 3677 videntum
1962 3584 2297 3681 scriptum
2324 3587 2428 3666 est

299 3690 499 3764 enim
528 3714 549 3766 z
625 3695 899 3763 Paenitet
928 3714 1025 3762 m
1054 3741 1075 3778 ‚
1139 3692 1300 3788 quod
1342 3693 1642 3762 unxerint
1672 3687 1842 3762 Saul
1873 3694 1950 3762 in
1989 3711 2202 3783 πισοί.
2300 3685 2426 3772 Tu

299 3809 491 3862 vero
521 3791 593 3864 di
644 3811 739 3864 ne
768 3811 1057 3885 quoque
1090 3790 1679 3884 interpretaberis
1710 3787 2057 3884 eiusmodi
2079 3788 2432 3883 poeniten-
2571 3855 2578 3862 .

304 3888 504 3965 tiam.
707 3910 805 3964 ve
854 3903 1065 3985 putes
1114 3912 1273 3966 eam
1322 3889 1681 3986 quidpiam
1734 3886 2088 3964 affinitatis
2155 3887 2428 3964 haber·

303 4007 475 4063 cum
516 3989 934 4084 poenitentia
970 4011 1267 4084 eorum,
1338 4009 1524 4083 quoe
1569 3990 1894 4084 poenitet.
1993 3985 2198 4064 Sicut
2235 3986 2428 4064 enim

301 4089 643 4164 eximium
674 4089 841 4181 quid
877 4090 1127 4163 habuit
1157 4091 1462 4166 verbum
1493 4089 1646 4183 ejus
1666 4142 1697 4185 ‚
1743 4091 2080 4170 eximium
2115 4088 2286 4182 quid
2320 4089 2428 4162 ira

300 4190 457 4281 ejus
477 4241 504 4281 ‚
555 4190 916 4263 excellens
948 4189 1114 4282 quid
1141 4187 1348 4264 furor
1368 4192 1560 4283 ejus,
1612 4190 1686 4266 δι
1707 4190 1884 4268 nihil
1912 4191 2045 4264 illis
2076 4209 2240 4263 cum
2269 4186 2435 4264 aliie

299 4289 621 4383 ejusdem
670 4289 979 4362 nominis
1033 4310 1416 4366 commune
1464 4305 1676 4380 erat3
1727 4292 1974 4368 eadem
2020 4290 2306 4364 ratione
2353 4285 2430 4366 ἃ

299 4389 727 4489 poenitentia
760 4387 911 4488 ejm
942 4407 1106 4470 cum
1133 4389 1394 4568 11οωῦ
1407 4391 1832 4487 poenitentia
1870 4391 2248 4489 equivoca
2278 4385 2440 4555 εξ,

1417 4511 1474 4571 ¹¹
1527 4511 1570 4590 5
