2734 4859
172 627 222 703 σο
255 607 263 616 ’
291 567 529 697 omorms
553 613 611 693 nr
628 611 911 692 enimcum
936 613 1138 696 cnnrrc.
1217 567 1223 584 ’

171 801 242 863 tes.
297 778 801 876 Onniaretibusprenasum,
828 778 990 854 diabolus
1007 782 1232 873 laqueocun·

174 885 232 962 ea
248 885 458 977 complevit.
510 881 546 955 Si
560 897 679 956 autem
700 881 843 953 venerit
861 881 925 953 tibi
940 881 1054 954 sermo
1070 880 1168 975 Dei,
1203 881 1232 956 ὰ

175 986 327 1081 coeperit
341 986 497 1058 eminere
519 983 564 1055 de
584 984 740 1073 retibus,
767 980 889 1053 dices:
919 985 1040 1053 Anima
1055 983 1161 1079 noflm
1175 1005 1232 1056 ere·

170 1103 235 1186 pta
255 1086 296 1184 est
316 1086 351 1154 de
372 1086 481 1181 laqueo
500 1088 704 1154 venantium.
764 1084 910 1178 Laqueus
930 1085 1089 1152 contritus
1113 1083 1172 1180 efl,
1199 1079 1232 1160 δ

174 1211 234 1260 eros
254 1185 381 1257 liberati
405 1187 522 1273 lamus.
574 1179 737 1256 Benenffi
760 1206 859 1251 vose
890 1185 1049 1268 Domine,
1076 1189 1132 1278 qui
1155 1182 1232 1275 fecii

174 1287 281 1359 celum
294 1285 333 1359 tr
348 1301 477 1354 terram.
530 1281 676 1356 Eminet
695 1281 803 1377 igitur
818 1279 963 1376 sponsus
981 1302 1045 1376 per
1060 1281 1152 1354 retia
1172 1279 1232 1372 tibi

174 1389 290 1459 vitam
305 1383 452 1459 faciens.
504 1382 601 1477 Jesus
619 1381 801 1455 descendit
822 1382 864 1452 ad
881 1395 1013 1474 terras,
1041 1377 1232 1476 subjecitse

172 1485 312 1560 retibus
334 1484 476 1556 mundi:
502 1485 629 1556 videns
643 1500 807 1577 magnum
824 1481 1009 1554 hominum
1026 1503 1170 1578 gregem
1185 1501 1232 1554 re·

174 1586 272 1658 tibus
289 1583 520 1676 impeditum,
545 1605 615 1657 nec
634 1603 677 1655 ea
692 1583 736 1654 ab
755 1581 827 1653 alio
852 1580 950 1653 nifia
972 1579 1006 1654 se
1027 1580 1128 1674 poffe
1152 1601 1232 1656 con

174 1682 287 1774 scidi,
319 1685 422 1756 venit
446 1683 490 1756 ad
512 1685 626 1770 retia,
666 1681 838 1754 aiiumens
865 1701 996 1774 corpus
1024 1683 1232 1776 humanum,

175 1783 277 1875 quod
292 1782 514 1856 inimicarum
532 1781 787 1856 fortitudinum
806 1782 940 1873 laqueis
958 1782 1171 1874 tenebatur,
1199 1799 1232 1856 er

174 1883 244 1980 tibi
263 1879 417 1976 dirupit,
454 1883 488 1954 &
510 1883 698 1974 loqueris:
737 1884 811 1954 Ecce
829 1885 882 1951 iric
900 1900 986 1952 retro
1005 1882 1068 1978 posi
1084 1887 1232 1978 pariere!

173 1981 313 2081 nstrum
328 1981 515 2080 prespicienr
526 2002 584 2077 per
595 1983 770 2076 fenestras,
795 1989 936 2052 eminens
947 2003 1002 2078 per
1022 1987 1119 2060 retia.
1147 1977 1232 2056 Curi

175 2083 389 2175 eminuerit,
415 2082 503 2155 dicit
514 2082 602 2156 tibi:
629 2083 800 2178 Respondet
812 2082 992 2175 fratruelis
1010 2105 1114 2174 neus,
1140 2081 1180 2158 θ
1193 2083 1232 2160 di,

175 2191 246 2254 cit:
274 2187 393 2276 Surge,
418 2186 757 2278 veniproximamea,
784 2184 878 2258 viam
898 2183 964 2254 tibi
984 2177 1075 2276 feci,
1103 2179 1232 2272 consci·¹

176 2282 212 2356 di
228 2284 345 2374 retia,
371 2280 419 2353 irc
441 2280 526 2353 veni
549 2281 593 2354 ad
612 2303 671 2356 me
691 2282 856 2378 proxima
876 2302 966 2356 mea.
1017 2289 1136 2374 Surge,
1163 2305 1232 2352 vem

169 2386 318 2481 proxima
336 2405 423 2468 mea,
440 2381 575 2478 speciose
592 2407 682 2468 mea,
706 2382 840 2452 columba
857 2408 934 2457 mea.
987 2379 1060 2452 Cur
1076 2386 1145 2474 ait,
1166 2383 1232 2469 sur·

171 2476 237 2576 ge?
270 2501 334 2553 cur
348 2476 514 2577 propera?
538 2476 619 2577 Ego
640 2500 710 2574 pro
737 2495 774 2553 te
795 2480 937 2554 sustinui
955 2483 1088 2555 rabiem
1106 2496 1232 2575 tempe·

174 2580 329 2672 statum,
363 2599 434 2675 ego
457 2579 615 2674 fluctus,
649 2584 709 2672 qui
729 2582 795 2653 tibi
819 2583 1067 2675 debebantur,
1101 2583 1232 2678 excepi.

178 2671 296 2778 frisiis
320 2679 358 2776 esi
380 2678 472 2753 faeta
486 2685 596 2750 anima
620 2705 685 2751 men
703 2693 856 2774 propter
875 2697 912 2753 te
932 2708 1025 2779 usque
1042 2686 1083 2752 ad
1099 2701 1232 2758 merim

174 2779 323 2853 Surrexi
339 2781 523 2854 amortuis
535 2780 653 2853 iratiis
667 2781 795 2860 mortis
810 2782 946 2873 januis,
974 2783 1150 2856 &inferni
1164 2785 1232 2854 vin

176 2882 266 2952 culis
291 2878 477 2954 diffolutis.
528 2879 616 2953 Ideo
639 2880 724 2952 dico
740 2880 827 2954 tibi:
853 2886 972 2975 Surge,
999 2890 1077 2954 verri
1091 2890 1232 2978 proxime

176 3005 261 3067 mea,
288 2981 421 3075 speciosa
439 3006 529 3067 mea,
564 2981 701 3050 columba
719 3005 804 3067 mea,
838 2988 914 3079 quia
936 2986 1041 3076 hyems
1063 2987 1232 3078 trarrfivit,

171 3081 290 3180 pluvia
305 3081 407 3166 abiit,
427 3079 522 3176 flores
542 3081 602 3175 viſs
627 3081 758 3164 suntin
783 3096 882 3158 terra.
935 3081 1015 3180 Ego
1038 3106 1058 3157 a
1086 3083 1232 3158 mortuit

175 3178 1232 3275 surgens,tempestatecompreffa,tranquillitatemreddidi.

175 3277 227 3354 Et
240 3281 321 3370 quia
342 3279 534 3352 secundum
554 3278 852 3373 dispensationem
875 3284 990 3356 carnis
1011 3307 1055 3356 ex
1077 3286 1232 3380 virgine,

176 3379 212 3451 ἀ
233 3382 424 3453 voluntate
441 3380 551 3471 patris
565 3382 692 3472 crevi,
720 3378 959 3475 temnentia,
989 3383 1141 3457 &etate
1158 3405 1232 3478 pro·

77 3517 79 3520 ·
175 3479 267 3571 feci,
287 3479 384 3575 flores
399 3481 460 3573 viſs
469 3480 549 3566 sunt
566 3486 602 3547 in
612 3498 719 3566 terra,
745 3496 863 3574 tempus
872 3480 1024 3569 seiiienis
1041 3487 1131 3582 adest.
1182 3484 1232 3556 Se·

176 3578 249 3653 etio
267 3577 419 3653 remiiiro
437 3593 671 3671 peccatorum
688 3580 748 3655 est.
802 3581 957 3656 Omnem
979 3585 1073 3656 enim
1090 3603 1232 3674 ramum,

177 3683 253 3769 nit,
287 3680 323 3750 in
349 3700 406 3751 me
434 3693 662 3770 manentem,
696 3679 956 3754 &afferentem
975 3686 1126 3757 frutium
1142 3698 1232 3776 pater

176 3801 277 3855 meus
303 3777 472 3868 mundat,
497 3793 539 3848 ut
563 3778 699 3852 fruetus
725 3782 878 3872 majores
905 3780 1042 3858 afferat.
1095 3785 1232 3857 Habet<

175 3878 335 3972 fruitus,
363 3879 557 3969 &priora,
583 3900 662 3967 quae
679 3883 715 3953 in
735 3895 772 3952 te
789 3880 1006 3956 infrutiuosa
1023 3881 1122 3975 sunt,
1150 3882 1230 3956 aufe

159 3992 318 4068 rentur.
383 3982 519 4072 ‘Tempus
544 3980 676 4072 quippe
696 3978 840 4066 setiionis
866 3983 976 4078 adesi,
1009 4009 1073 4052 vox
1101 3987 1232 4055 turturi.

176 4083 290 4152 audita
312 4078 352 4175 ιβ
372 4083 409 4149 in
426 4094 514 4148 terra
538 4079 652 4175 nostra.
703 4077 794 4152 Non
815 4080 886 4153 fine
904 4082 1004 4155 causa
1020 4084 1055 4154 in
1071 4082 1232 4158 sacrifici(

178 4178 359 4256 effumitnr
379 4197 443 4275 par
467 4192 670 4274 turturum,
699 4194 760 4252 aut
781 4180 854 4254 duo
872 4185 960 4277 pulli
985 4185 1230 4357 columpnarum

755 4325 757 4330 ·
949 4331 953 4341 ·
1134 4308 1190 4359 am
