2734 4859
177 647 225 734 92
287 605 527 706 omoama
551 625 608 706 m
630 618 1141 748 commutarunt.

179 812 306 868 corum
322 787 496 882 scribere,
515 788 613 884 quod
630 801 708 863 non
720 787 817 863 resse
837 786 1014 868 scribitur.
1039 788 1131 864 Non
1146 777 1238 872 enim

177 893 381 990 pluraliter,
400 889 459 965 sed
477 889 698 988 singulariter
712 887 900 963 Canticum
912 888 1238 966 hicdiciturCanti-

179 1013 317 1068 corum.
332 1021 336 1028 ·
351 991 438 1065 llaec
451 991 545 1082 quas
558 990 595 1063 iu
610 988 823 1082 prefatione
837 988 927 1061 ditia
942 983 1057 1062 sunta
1072 993 1180 1066 nobie
1198 993 1238 1070 dr

178 1085 645 1185 superscriptioneipsuuel
655 1087 900 1163 attitulatione
910 1088 1031 1163 libelli.
1057 1089 1238 1186 Jamnunc

177 1192 341 1267 Domino
354 1187 479 1264 nostro
491 1209 560 1262 noa
574 1188 783 1281 adjuvante,
796 1189 899 1280 ipsius
909 1190 1029 1282 operia
1039 1189 1238 1266 adoriamur

180 1291 343 1382 exordia,
360 1289 392 1364 ἅ
410 1303 549 1380 tamen,
565 1308 613 1361 ne
628 1287 715 1361 illud
731 1287 872 1379 quidem
887 1305 1070 1362 remaneat
1080 1291 1118 1362 in
1133 1292 1238 1366 nobia

180 1388 362 1476 omissum,
380 1387 479 1481 quod
496 1386 705 1481 quibusdam
721 1389 971 1478 requirendum
988 1386 1102 1464 visum
1115 1389 1169 1464 est
1184 1391 1238 1464 ad·

178 1492 250 1566 huc
261 1491 305 1561 de
316 1487 385 1582 ipsa
395 1487 659 1580 attitulatione,
676 1507 719 1558 ac
732 1484 1030 1580 superscriptione
1044 1487 1148 1582 libri,
1165 1510 1238 1581 qua

124 1593 128 1600 ’
180 1590 415 1663 itahabetur:
437 1589 834 1678 auerruncandorum,
856 1591 934 1683 qums
950 1588 989 1684 ess
1008 1588 1238 1684 ipſs-Salmas.

177 1690 237 1764 Sic
255 1689 347 1762 enim
370 1681 576 1780 accipiunt,
609 1685 704 1778 quasa
727 1684 914 1758 Canticum
931 1687 1004 1760 hoc
1020 1685 1090 1761 else
1110 1688 1238 1766 dixerit

180 1790 412 1880 Canticorum
422 1787 639 1865 Salomonis,
654 1802 696 1858 ut
705 1807 749 1859 ex
759 1787 917 1878 plurimis
928 1782 995 1859 suis
1008 1789 1155 1862 canticis
1170 1789 1238 1862 hot

177 1910 289 1962 unum
306 1885 376 1960 esse
394 1887 596 1984 signaverit.
636 1884 708 1958 Sed
730 1905 798 1958 nos
821 1885 1010 1978 quomodo
1027 1887 1238 1980 recipiemur

177 1988 382 2082 hujusmodi
393 1985 683 2082 intelligentiam,
704 2005 784 2060 cum
798 1987 916 2076 neque
930 1985 1076 2060 ecclelia
1090 1986 1160 2060 Dei
1172 1989 1238 2062 ulla

178 2085 398 2164 extrinsecus
414 2085 617 2160 Salomonis
627 2087 767 2156 cantica
784 2085 932 2180 legenda
948 2081 1161 2178 susceperit:
1182 2108 1238 2185 ne

179 2210 249 2280 que
259 2187 351 2279 apud
362 2185 559 2277 Hebraeos,
574 2183 734 2275 aquibus
746 2185 889 2275 eloquia
901 2184 971 2258 Dei
985 2186 1106 2258 adnot
1120 2186 1238 2262 viden·

179 2302 238 2359 tur
257 2283 326 2357 elle
346 2287 537 2373 translata,
557 2282 689 2374 aliquid
702 2279 832 2375 praeter
848 2281 917 2355 hos
932 2296 1004 2356 tres
1025 2285 1168 2358 libellos
1182 2286 1238 2361 Sa·

181 2387 354 2463 lomonis,
375 2386 433 2474 qui
444 2386 477 2454 u
489 2383 582 2480 apud
592 2403 660 2454 nos
674 2382 769 2474 sunt,
786 2384 933 2476 amplius
947 2384 1118 2458 habeatur
1132 2387 1170 2458 in
1187 2409 1238 2461 ca·

178 2483 305 2559 none?
333 2483 478 2554 Volunt
495 2497 637 2573 tamen,
652 2482 711 2572 qui
726 2484 798 2554 hoc
817 2479 992 2573 asserunt,
1007 2484 1091 2556 inde
1110 2484 1238 2559 confir·

179 2605 277 2659 mare
293 2583 526 2671 sententiam,
542 2582 639 2672 quod
657 2581 914 2678 in'chnorum
929 2584 1039 2653 tertio
1054 2584 1149 2656 libro
1163 2587 1238 2659 scri·

178 2698 280 2778 ptum
297 2680 367 2762 est,
387 2685 499 2755 multa
509 2680 608 2754 suille
618 2680 821 2753 Salomonis
837 2679 1064 2773 Cantica‚,ut
1075 2704 1185 2758 unum
1197 2707 1238 2760 cr

178 2783 298 2857 multis
325 2780 395 2855 else
418 2776 648 2855 confirment.
701 2781 785 2854 Hoc
801 2781 848 2853 ibi
865 2802 952 2877 ergo
973 2781 1157 2857 rcscrtur:
1194 2787 1238 2860 Er

182 2889 277 2958 fleas,
293 2882 379 2952 dedit
398 2885 601 2975 prudentiam
627 2881 805 2966 Salomoni,
838 2881 875 2954 Θ
890 2883 1083 2977 sapientiam
1110 2885 1238 2958 multam

178 2983 289 3069 ualde,
310 2979 566 3057 &latitudinem
585 2982 681 3050 cardis
691 2979 776 3072 ficet
789 3003 937 3066 arenant,
962 2983 1080 3078 quaest
1098 2985 1138 3054 ad
1154 3009 1238 3060 oram

178 3087 296 3168 maris,
316 3079 355 3157 6
362 3080 473 3174 satius
492 3081 529 3177 esi
539 3081 665 3173 [rapiens
682 3082 828 3150 Salomon
842 3082 935 3151 valde
945 3080 1037 3177 [uper
1050 3083 1238 3179 [rapinulam

178 3188 320 3256 omnium
335 3188 554 3278 antiquorum,
571 3178 815 3274 &superaturus
826 3180 1238 3277 [rapientesAEgypti‚(5sc·

175 3304 235 3381 per
258 3279 373 3355 Ethan
393 3279 599 3356 fizrairmo
616 3283 766 3366 Hermam,
781 3279 819 3355 U
832 3282 971 3369 chalcal,
989 3281 1029 3356 ὅ
1042 3286 1238 3376 Dordafilios

181 3383 295 3469 Maol,
311 3380 350 3456 (J
360 3399 430 3452 erar
441 3381 981 3473 namiraatusinunivenisgcaribus
989 3402 1044 3477 per
1056 3390 1238 3458 circuitum:

179 3485 217 3559 U
233 3484 355 3552 locaras
374 3480 415 3576 esi
434 3482 584 3551 Salomon
603 3486 671 3551 tria
693 3482 803 3564 misia,
812 3482 1052 3575 parabolarum,
1085 3483 1124 3560 U
1147 3503 1238 3559 eram

84 3647 87 3651 .
175 3586 379 3660 cantianella
398 3581 663 3684 quinqueflmisia.
706 3576 761 3650 ΕΧ
783 3579 836 3652 his
858 3600 945 3675 ergo
965 3582 1123 3672 quinque
1141 3587 1238 3660 milli.

176 3682 244 3753 bus
262 3681 409 3753 canticis
428 3682 561 3751 volunt
575 3679 689 3751 videri
700 3732 713 3769 ‚
737 3681 809 3751 hoc
825 3698 933 3752 tinum
951 3677 1021 3752 esl‘e
1037 3684 1238 3780 canticum,

178 3780 277 3871 quod
297 3782 486 3852 habemns:
514 3777 573 3850 sed
589 3799 798 3870 usquequo,
824 3779 883 3849 vel
904 3781 964 3851 ubi
987 3795 1131 3855 cantata
1151 3782 1238 3880 smt,

176 3900 253 3952 non
269 3879 380 3951 solum
395 3875 566 3968 adusum,
592 3875 649 3948 sed
663 3899 709 3948 ne
721 3877 762 3960 ad
774 3878 940 3950 notitiam
953 3881 1095 3970 quidem
1110 3902 1238 3976 perve-

176 3981 230 4050 nit
246 3976 471 4050 ecclesrarum
488 3975 570 4049 Dei.
598 3974 801 4067 Operosum
814 3975 864 4048 est
878 3992 995 4052 autem
1009 3979 1182 4071 &procul
1196 3987 1238 4058 ab

97 4109 100 4116 ·
176 4073 290 4168 opere
300 4074 702 4171 propolit0‚srvelimus
715 4076 1013 4169 nuncinquirere‚
1033 4099 1138 4169 quam
1153 4087 1238 4157 mul·

174 4191 296 4249 torum
313 4177 486 4248 librorum
504 4178 804 4248 commemoratio
820 4172 882 4247 fiat
899 4176 935 4247 in
950 4175 1130 4270 scripturis
1149 4182 1238 4254 divi-

171 4279 257 4369 nia,
296 4295 449 4369 quorum
468 4274 575 4347 lectio
601 4275 699 4349 nulla
720 4277 827 4351 nobis
846 4279 995 4352 omniuo
1021 4277 1072 4352 est
1097 4285 1237 4455 trsadp'ta.

1142 4403 1163 4455 e
