2734 4859
270 731 281 740 ·
414 673 1012 800 nou1L1nxn···
1131 719 1204 842 ,53¹3

141 877 405 956 verumtamen
425 881 507 972 quia
523 880 668 974 utrique
684 893 828 957 montes
845 877 928 956 sunt
940 877 1079 978 magni,
1104 899 1207 959 mon·

142 995 202 1054 tes
217 983 381 1054 lucentes
400 977 615 1076 sunt'angeli
633 980 753 1055 Dei&
773 981 983 1076 prophete3
1010 975 1135 1056 Moses
1153 977 1215 1058 fa·.

142 1082 264 1158 mulus
278 1081 376 1171 eius,
403 1078 557 1174 apostoli
574 1077 657 1174 Jesu
674 1078 823 1174 Christi,
850 1079 894 1154 de
910 1081 1036 1174 quibus
1049 1082 1206 1158 arbitror

145 1179 238 1258 dici:
267 1182 489 1252 Fundamenta
506 1183 572 1276 ejus
588 1187 626 1250 in
637 1178 796 1251 montibus
804 1176 938 1269 firniir'r.
987 1179 1139 1254 Montes
1152 1195 1207 1257 te·

143 1273 290 1352 nebrofi
308 1278 409 1372 sunt,
444 1281 502 1370 qui
526 1278 710 1377 eriguntur
734 1278 900 1353 adversus
923 1277 1104 1354 scientiam
1120 1279 1211 1365 Dei„

142 1379 302 1454 Zabuius
326 1399 431 1452 mons
453 1377 664 1454 tenebrosus
688 1376 750 1455 est.
803 1378 984 1472 Principes
1003 1376 1117 1453 saecuii
1139 1381 1205 1454 hu·

139 1478 228 1572 jur,
256 1477 318 1572 qui
337 1476 585 1571 destruuntur,
612 1492 757 1553 montes
780 1475 859 1553 sunt
878 1477 1070 1555 tenebrosi.
1121 1478 1205 1555 Dae·

143 1577 307 1652 monium
337 1579 508 1672 lunatici,
534 1599 639 1654 mons
673 1592 761 1655 erat
783 1580 817 1651 dr
843 1577 1072 1653 tenebrosus:
1096 1587 1203 1655 mo‘na

145 1690 242 1767 erat,
269 1675 408 1768 dequo
430 1677 598 1750 Salvator
621 1677 691 1752 ait:
718 1659 760 1750 ia·
778 1680 898 1751 dixeris
913 1683 1017 1750 nurci
1036 1681 1129 1750 huic:
1156 1678 1204 1753 de

143 1774 307 1850 lunatico
330 1777 462 1871 quippe
490 1777 668 1852 daemonio
691 1776 752 1852 fibi
775 1777 920 1870 quaestio
939 1777 1132 1852 inciderat:
1167 1778 1203 1853 dt
1276 1829 1278 1834 -

144 1875 346 1950 dicentibus
368 1874 571 1968 discipulis:
608 1880 689 1951 Non
707 1884 871 1975 potuimus
891 1884 1000 1977 ejicere
1019 1879 1121 1964 iliud,
1146 1896 1204 1953 re·

144 1973 290 2065 spondit
304 1975 496 2050 Salvator:
523 1981 564 2048 Si
579 1978 756 2049 habueritis
761 1979 860 2068 fidem
873 1996 910 2051 ru
918 2002 1054 2071 granum
1064 1976 1202 2074 finepis,

145 2077 256 2148 diceris
275 2083 376 2148 murti
391 2075 465 2174 ἐμὲ,
492 2075 626 2169 dequo
643 2074 834 2170 quaenstir,
860 2078 997 2171 dequo
1014 2075 1202 2172 proposui-

143 2173 227 2261 stis;
253 2173 362 2244 dictur
382 2181 483 2248 monti
502 2177 601 2248 duic:
638 2171 847 2270 Trammigr'a
866 2178 964 2258 irinc,
987 2175 1027 2252 n
1045 2182 1204 2249 transmi-

143 2271 273 2368 grabit,
296 2272 332 2347 id
357 2276 430 2367 est,
454 2275 499 2348 ab
525 2273 672 2352 homine
697 2276 742 2349 ad
766 2279 888 2350 locum
912 2273 1099 2352 definitum
1124 2273 1201 2354 irbi.

144 2371 221 2469 Qui
236 2392 324 2469 crgo
341 2368 554 2469 offendunt,
578 2395 655 2450 non
667 2374 859 2451 offendunt
875 2374 979 2470 super
993 2390 1135 2454 montes
1147 2377 1203 2452 lo·

147 2484 292 2564 center,
317 2469 375 2546 sed
390 2471 496 2568 super¹
510 2488 653 2550 montes
672 2474 906 2569 tenebrosos,
931 2476 1104 2551 tifueriut
1117 2493 1202 2554 cum

144 2570 313 2665 zabulo,
339 2572 375 2645 de
393 2574 525 2669 angelis
541 2573 819 2672 ejmmontibus
837 2575 1058 2650 tenebroiis:
1087 2577 1134 2646 Er
1145 2575 1203 2662 su-

133 2672 298 2771 flineiin‘s
315 2674 353 2743 in
373 2665 491 2747 denen.
540 2670 664 2748 Potest
679 2673 823 2766 quidem
839 2673 952 2769 aptari
968 2675 1074 2767 huic,
1100 2671 1202 2765 quod

147 2770 301 2844 dicitur:
328 2775 416 2845 Date
431 2776 564 2869 giarium
587 2777 727 2846 Domino
745 2777 813 2846 Deo
829 2775 949 2873 nqdro,
973 2773 1073 2866 hoc,
1101 2771 1201 2864 quod

146 2868 258 2945 modo
285 2870 441 2946 inferta.
462 2873 509 2945 Et
525 2870 722 2967 fictiimiiris
745 2877 782 2944 in
804 2873 919 2952 ianm.
969 2870 1007 2945 Si
1031 2871 1203 2946 dederitis

146 2967 311 3044 Domino
340 2969 426 3045 Deo
460 2970 582 3045 vestro
613 2973 784 3068 gloriam,
813 2985 1003 3066 antequam
1027 2989 1204 3044 contene·

146 3065 310 3152 brescat,
344 3070 380 3143 de
403 3082 592 3163 antequam
614 3071 803 3145 offendant
828 3071 937 3164 pedes
963 3067 1071 3146 vestri
1097 3066 1202 3162 super

145 3181 291 3244 montes
316 3168 554 3264 tenebrosos,
589 3170 875 3264 patrocinium,
910 3169 1020 3264 quin,
1051 3166 1203 3244 etiamsi

146 3267 468 3362 contenebrescat,
496 3270 529 3343 dr
557 3265 778 3364 sustineatis,
804 3271 924 3345 lumen
946 3291 1017 3345 vor
1039 3266 1201 3362 suscipar.

145 3366 249 3440 nlius
267 3387 358 3442 vero
377 3368 493 3458 dicat,
518 3367 664 3463 nescio,
686 3382 806 3445 utrum
819 3368 916 3442 retie
933 3388 976 3443 an
992 3387 1202 3463 perperam,

146 3467 227 3558 quia
251 3469 284 3540 or
302 3468 362 3561 hi,
387 3469 448 3561 qui
466 3465 658 3544 offendunt
682 3467 786 3562 super
804 3480 948 3543 montes
965 3465 1202 3560 tenebrosos,

145 3564 337 3658 expediant
354 3566 544 3659 aliquando
558 3567 807 3645 misericordie
820 3565 966 3644 lumem
1000 3564 1087 3641 Hoc
1104 3566 1202 3642 enim

146 3666 292 3738 videtur
308 3666 517 3742 ostendere:
545 3669 593 3742 Er
602 3668 799 3766 sustinentis
809 3665 847 3740 iri
859 3667 979 3744 iumen.
1028 3665 1066 3741 Si
1081 3682 1203 3742 autern

148 3764 227 3855 quie
251 3768 391 3842 venerit
406 3767 450 3840 ad
467 3781 609 3846 montes
632 3764 845 3858 tenebrosos
861 3817 875 3860 ‚
901 3765 1015 3861 vide,
1050 3764 1133 3859 quid
1149 3763 1200 3838 ibi

148 3864 322 3942 inveniat
382 3863 447 3940 Est
472 3864 547 3939 iilic
575 3871 700 3946 umbra
720 3865 859 3959 mortis.
915 3863 991 3942 Ubi
1020 3863 1201 3954 tenebrosi

147 3974 315 4059 montes,
346 3965 396 4040 ibi
419 3964 545 4042 umbra
566 3971 696 4046 mortis
719 3987 766 4069 ex
794 3963 874 4064 ipsu
905 3965 1090 4066 mondbru
1115 3983 1202 4058 pro·

150 4075 283 4138 creata.
932 4097 941 4132 r

230 4182 285 4256 13.
313 4158 362 4236 Et
378 4165 591 4266 perennio
609 4161 762 4254 teneirm
783 4159 788 4164 ’
814 4165 865 4242 Er
883 4162 945 4262 nist
963 4129 1132 4256 padieririi
1150 4183 1202 4229 oc·

151 4261 256 4352 reite,
281 4261 417 4354 piuruiit
432 4267 541 4339 anime
553 4253 657 4362 vestre
669 4286 690 4335 a
701 4261 786 4358 facie
802 4261 1005 4338 conminuit.
1054 4257 1114 4334 De
1129 4254 1201 4346 hir,

151 4361 213 4458 qui
227 4359 402 4463 audiunt3
426 4363 566 4461 quidam
590 4359 1218 4568 ociuiniauduutt3qoiomgssn
