2734 4859
421 615 802 698 nostrata
851 623 904 707 rt
1149 655 1198 738 tt

106 787 242 880 uldam
271 789 318 856 r'ta
346 783 565 872 virtutibus,
599 779 639 862 (9⁴
657 783 783 856 viribus
800 793 882 882 agri.
939 791 1038 889 Quid
1058 793 1197 890 adjurat

111 887 229 984 sponsa
252 883 359 960 filias
383 882 637 958 Hterusalemr
671 885 712 958 Si
730 886 943 973 levaveritis,
969 891 1008 968 tt
1021 895 1198 985 sestianae.

120 991 448 1062 duchat-iratene-
480 984 662 1080 Quamdiu
682 985 834 1060 charitas
852 988 985 1064 dormit
1006 993 1042 1066 in
1063 999 1194 1093 vobis,

128 1086 228 1164 oiliae
245 1081 515 1178 Hierusalem,
542 1103 568 1156 o
588 1082 883 1181 adolescentulae,
909 1111 987 1182 quae
999 1093 1035 1166 in
1046 1116 1105 1168 me
1117 1117 1196 1172 non

125 1189 262 1280 dormit,
291 1185 388 1278 quia
410 1186 601 1257 vulnerata
620 1184 695 1257 sum
713 1187 921 1262 charitate?
946 1189 989 1264 ln
1011 1195 1120 1267 vobis
1135 1217 1195 1268 au·

128 1301 201 1381 tem,
227 1309 321 1380 quae
355 1287 480 1378 plures
513 1283 612 1374 estis,
641 1282 677 1356 dc
710 1275 1007 1382 adolescentula,
1046 1292 1082 1364 dt
1112 1289 1196 1368 filiae

125 1385 378 1476 Hierusalem,
408 1385 543 1458 dormit
559 1385 710 1458 charitas
732 1384 858 1478 sponsi.
909 1386 1086 1480 Adiuravi
1104 1413 1194 1488 ergo

127 1505 182 1560 ros
202 1485 292 1560 filiae
316 1485 575 1574 Hierusalem,
606 1485 629 1557 fi
649 1485 890 1580 levaveritis,
917 1486 951 1560 dt
974 1509 1049 1562 non
1077 1488 1194 1570 solum

86 1613 88 1622 ·
130 1587 370 1678 levaveritis,
396 1583 457 1657 sed
478 1583 509 1654 tr
534 1582 806 1676 suscitaveritis,
839 1606 916 1677 quae
932 1588 969 1659 in
987 1591 1097 1662 vobis
1124 1589 1194 1685 est,

86 1703 89 1744 =
130 1685 346 1760 charitatem.
414 1682 567 1757 Creator
592 1685 831 1758 univerhtatis
856 1705 938 1761 cum
964 1709 1033 1760 vos
1060 1689 1195 1762 conde·

86 1835 88 1840 -
131 1801 191 1879 tet,
223 1783 388 1860 inseruit
417 1785 456 1855 in
482 1783 650 1856 cordibus
683 1784 812 1858 vestris
844 1782 974 1859 semina
999 1789 1195 1862 charitatis.

86 1921 90 1936 ·
130 1883 222 1960 Nunc
245 1903 407 1964 autem,
432 1884 521 1956 ficut
541 1884 623 1956 alibi
641 1883 790 1958 dicitur:
820 1887 960 1982 Juflr'tr'a
985 1889 1138 1957 dormivit
1154 1893 1193 1958 in

85 2021 89 2034 ·
131 2009 172 2070 u,
192 1985 239 2058 src
261 1983 419 2058 dilectio
434 1982 605 2056 dormitat
624 1983 662 2056 in
675 1986 801 2058 vobis:
824 1986 928 2076 juxta
946 1986 1091 2077 quod&
1108 1986 1193 2060 alibi

132 2085 271 2158 dicitur:
316 2085 461 2180 Sponsus
487 2089 641 2179 requievit
656 2100 694 2154 ut
715 2087 785 2170 tea,
811 2089 850 2161 U
874 2104 911 2157 ut
933 2087 1058 2158 catulus
1080 2087 1191 2158 lunis.

131 2183 250 2260 hdhuc
276 2185 319 2256 in
340 2181 576 2274 infidelibus,
609 2183 644 2255 &
666 2187 705 2256 in
723 2187 801 2276 his,
829 2187 888 2277 qui
905 2186 1016 2259 corde
1034 2183 1114 2258 sunt
1131 2185 1195 2258 du·

85 2325 87 2330 ·
131 2283 203 2378 bio,
229 2284 416 2358 dormitat
428 2281 542 2358 sermo
557 2283 721 2372 divinus,
750 2287 873 2372 vigilat
887 2289 920 2359 in
941 2285 1081 2359 sanetis:
1109 2287 1194 2358 dor·

130 2387 219 2458 uitat
241 2385 284 2458 in
305 2384 385 2476 his,
412 2383 472 2474 qui
492 2382 758 2476 tempestatibus
778 2383 978 2476 fluiiuant,
1007 2385 1192 2459 suscitatur

131 2501 211 2556 vcro
231 2503 370 2558 eorum
392 2483 573 2575 vocibus,
608 2485 667 2573 qui
692 2485 841 2576 cupiunt
863 2487 1035 2582 vigilante
1061 2483 1192 2578 sponso

132 2581 259 2658 latrari.
316 2581 445 2656 Statim
468 2580 509 2655 fit
529 2604 576 2656 eo
604 2583 774 2676 vigilante
793 2587 1049 2677 tranquillitas,
1076 2585 1193 2658 statim

131 2685 300 2757 undarum
327 2684 444 2755 moles
473 2681 759 2776 conquiescunt,
798 2684 976 2775 spiritibus
1003 2685 1194 2756 contrariis

131 2797 400 2876 concrepatur,
436 2781 605 2856 liutherum
622 2784 737 2855 rabies
760 2783 862 2856 silet:
895 2784 959 2857 iilo
988 2785 1194 2857 dormiente

131 2883 355 2978 tempestas,
392 2901 512 2974 mors,
549 2880 807 2977 &desperatio
830 2881 891 2958 est.
950 2887 1075 2980 Adjura
1103 2904 1192 2979 ergo

132 3007 179 3054 trra
194 2987 284 3074 fiiiae
308 2985 511 3068 Hierusalem
537 2989 575 3050 ira
596 2984 802 3067 virtutibus,
836 2981 875 3058 (s
902 2989 939 3052 r'tr
966 2984 1091 3052 viribus
1114 2989 1195 3076 agri,

128 3079 233 3256 {ujus
256 3079 365 3177 agris
389 3081 533 3176 Nempe
551 3083 643 3154 illius
658 3083 729 3179 agri
745 3083 865 3177 pleni,
891 3105 996 3176 quern
1010 3082 1197 3156 benedixit

162 3203 323 3258 ominus.

203 3305 264 3357 10.
296 3281 334 3354 Sr'
348 3281 554 3369 levaveritis,
579 3279 620 3358 di
635 3282 872 3370 suscitaveritis
888 3283 1098 3368 charitatem,
1122 3307 1197 3379 qua·

128 3383 165 3454 al
177 3385 279 3480 usque
300 3380 387 3450 velit
405 3405 470 3450 vax
482 3379 656 3473 fratruelis
676 3388 746 3454 mai.
782 3385 856 3452 Erat
876 3385 928 3452 hic
943 3393 1058 3468 veuit,
1082 3384 1197 3468 saliens

124 3485 213 3580 [aper
240 3497 378 3552 mantes.
428 3479 516 3552 Haec
536 3480 652 3554 adhuc
672 3483 835 3572 loquitur
857 3482 1032 3574 ecclesia,
1064 3484 1198 3555 exhor-

128 3597 201 3656 tans
218 3577 532 3671 adolescentulas,
559 3597 600 3653 ut
619 3580 662 3653 ad
678 3577 791 3674 sponsi
805 3599 1049 3673 preparentur
1064 3583 1198 3655 adven·

131 3697 224 3756 tum:
253 3683 419 3754 litamen
434 3681 561 3753 venire
576 3682 756 3773 voluerit,
784 3679 931 3753 &suarm
951 3684 1018 3754 illis
1037 3683 1199 3774 praebere

134 3781 372 3872 colloquium.
423 3779 556 3853 Adhuc
573 3781 682 3876 igitur
698 3782 873 3871 loquente
887 3803 947 3874 ea,
974 3783 1079 3855 venit
1094 3781 1200 3874 spon·

136 3881 210 3972 ius,
238 3900 351 3972 quem
366 3878 481 3974 digito
499 3880 698 3971 monstrat,
725 3878 759 3952 tr
780 3882 892 3953 dicit:
922 3883 999 3951 Ecce
1024 3885 1200 3965 hicvanit,

132 3983 246 4070 [aliem
257 3979 356 4074 super
373 3995 503 4052 mantas.
553 3977 719 4075 intellige
743 3978 875 4072 sponsae
891 3980 1039 4054 animam
1057 3982 1199 4052 beatam

135 4097 239 4172 atque
256 4075 475 4172 perieiiam,
501 4099 579 4171 quae
598 4080 704 4152 citius
722 4081 869 4169 videat,
898 4082 1001 4153 citius
1027 4078 1200 4153 sermonis

136 4178 406 4272 contempletur
422 4177 641 4273 adventum,
668 4198 746 4269 quae
762 4180 824 4256 srbi
841 4179 1044 4276 sapientiam
1064 4175 1200 4252 veniiie

650 4275 688 4353 D
710 4299 735 4369 5
1075 4276 1153 4360 sen·
