2734 4859
696 607 1941 762 ·n0M1'L1A'xvni.·
2271 629 2502 787 ‹iss›⁴

317 843 534 928 vum?
582 845 765 948 Quis
803 846 906 919 ita
938 844 1159 919 sitivit
1187 846 1408 920 ubera
1433 856 1652 939 petrae
1675 842 1712 918 2
1791 847 1982 919 Petra
2020 861 2231 920 aurem
2278 865 2418 942 exat
2469 867 2476 874 ·

320 948 635 1048 Christus.
737 947 919 1047 Quis
948 948 1049 1018 ita
1075 945 1295 1020 sitivit
1316 944 1654 1038 Spiritum
1682 942 2026 1039 sanetum,
2077 960 2160 1020 ut
2190 948 2413 1026 dicat:

321 1048 849 1147 Quemadmodum
884 1046 1176 1143 defiderat
1204 1071 1425 1116 cervus
1450 1044 1530 1116 ad
1549 1044 1768 1137 fontes
1794 1070 2100 1143 aquarum
2119 1099 2138 1134 ,
2192 1069 2288 1119 eta
2315 1052 2416 1121 de-

311 1155 553 1251 fiderat
591 1151 806 1221 anima
836 1170 971 1217 ma
1006 1147 1088 1216 ad
1116 1165 1179 1217 te
1221 1151 1420 1223 Deur.
1518 1141 1671 1218 Nili
1713 1157 1860 1217 tres
1910 1144 2128 1220 hosce
2170 1143 2418 1223 fontes

317 1249 745 1327 fitiverimus
775 1298 802 1338 ,
878 1245 1146 1318 nullum
1208 1264 1542 1338 aquarum
1605 1242 1882 1316 fontem
1946 1247 2415 1325 inveniemus.

318 1350 637 1424 Unicum
679 1364 1009 1438 aquarum
1044 1345 1321 1419 fontem
1351 1344 1584 1418 Deum
1623 1342 1809 1415 fitire
1840 1343 2264 1418 videbantur
2296 1350 2417 1442 Ju·
2533 1403 2544 1414 .

321 1451 506 1538 daei3
560 1446 676 1520 sed
712 1446 875 1537 quia
917 1443 1264 1520 Christum
1308 1445 1377 1519 δι
1408 1443 1750 1535 spiritum
1790 1441 2089 1520 sanetum
2129 1447 2419 1522 minime

321 1552 707 1628 fidebant,
775 1564 1009 1635 neque
1054 1543 1143 1618 de
1182 1544 1348 1618 Deo
1395 1545 1638 1618 bibere
1683 1555 2096 1634 potuerunt.
2199 1547 2422 1620 Vide-

321 1652 588 1722 bantur
630 1644 945 1717 haeretici
984 1643 1168 1716 sitire
1202 1643 1548 1717 Christum
1581 1641 1814 1737 Jesum
1844 1694 1868 1732 ‚
1923 1640 2040 1715 sed
2071 1645 2233 1734 quia
2263 1666 2424 1721 non

326 1748 706 1823 fitiverunt
731 1759 1003 1837 patrem
1033 1744 1206 1839 legis
1236 1765 1319 1816 ac
1348 1745 1858 1836 prophetarum
1893 1742 2125 1816 Deum
2147 1797 2172 1834 ‚
2225 1747 2432 1818 idcin-

330 1869 425 1920 co
456 1866 593 1919 nec
620 1844 706 1916 de
727 1841 887 1938 Jesu
913 1841 1191 1916 Christo
1217 1845 1494 1918 bibunt.
1597 1843 1744 1936 Qui
1776 1854 2008 1916 autem
2043 1864 2260 1917 unum
2300 1865 2432 1916 co-

326 1949 491 2021 lunt
516 1944 745 2017 Deum
765 1996 789 2036 ‚
842 1942 957 2017 sed
991 1956 1483 2016 comtemnunt
1515 1939 1926 2034 prophetias
1946 1994 1972 2035 ‚
2021 1942 2071 2013 ii
2107 1964 2258 2016 non
2288 1945 2430 2022 siti·

326 2060 601 2119 verunt
624 2041 961 2137 Spiritum
996 2039 1295 2116 sanetum
1325 2093 1351 2135 ,
1407 2043 1522 2135 qui
1553 2042 1980 2132 loquebatur
2006 2044 2080 2116 in
2115 2045 2429 2137 prophe-

328 2148 422 2218 tis
456 2168 475 2216 :
541 2146 811 2216 idcirco
851 2163 1088 2233 neque
1121 2143 1208 2215 de
1252 2157 1556 2236 paterno
1591 2140 1798 2212 fonte
1838 2141 2137 2235 bibunt,
2191 2165 2432 2235 neque

329 2246 423 2320 de
452 2265 543 2316 eo
574 2296 598 2334 .,
666 2243 783 2332 qui
819 2241 892 2315 in
931 2242 1203 2334 templo
1244 2244 1634 2330 clamabat,
1685 2237 2108 2316 &diceban
2175 2247 2254 2313 St·
2289 2248 2436 2341 quis

303 2342 508 2445 fittt,
554 2346 779 2413 veniat
814 2344 896 2412 ad
922 2366 1058 2426 me,
1106 2342 1184 2418 θ
1212 2341 1402 2413 bibat.
1499 2339 1676 2414 Non
1710 2335 2050 2414 deficiunt
2082 2341 2294 2440 igitur
2335 2343 2432 2419 de
2485 2423 2490 2428 ,

331 2460 537 2539 petra
576 2443 793 2514 ubera
819 2494 846 2532 ‚
907 2439 1023 2514 sed
1055 2442 1155 2513 illi
1193 2442 1721 2533 dereliquerunt
1758 2438 2036 2514 fontem
2077 2461 2272 2530 aquae
2315 2445 2427 2518 vi·

332 2566 470 2618 vae.
572 2540 750 2614 Non
783 2540 949 2612 fons
989 2563 1182 2632 aquae
1215 2542 1405 2614 vivae
1427 2542 1798 2632 dereliquit
1825 2539 2031 2633 ipsos.
2141 2539 2431 2620 Etenim

334 2666 377 2716 a
417 2643 697 2714 nemine
742 2638 1057 2733 seipsum
1098 2643 1391 2737 elongat
1425 2639 1664 2731 Deus,
1714 2638 1829 2712 sed
1864 2643 1979 2731 qui
2019 2638 2429 2736 semetipsos

332 2746 679 2836 elongant
721 2741 805 2811 ab
835 2760 966 2830 eo,
1016 2741 1373 2832 peribunt.
1473 2739 2023 2832 Appropinquat
2060 2743 2302 2832 potius
2341 2743 2432 2815 ad

334 2841 678 2934 quosdam
726 2839 964 2932 Deu8‚
1019 2837 1087 2910 &
1119 2840 1441 2912 occurrit
1463 2841 1780 2912 venienti
1813 2841 1898 2910 ad
1922 2839 2010 2914 se.
2116 2841 2432 2935 Quando

332 2945 576 3031 itaque
608 2936 833 3029 filius,
888 2938 1007 3030 qui
1035 2940 1228 3011 bona
1261 2936 1378 3009 sua
1403 2939 1889 3033 abligurierat,
1939 2939 2264 3012 reversus
2297 2940 2427 3035 est,

332 3040 657 3116 occurrit
695 3040 757 3110 ei
802 3049 1028 3131 pater.
1128 3035 1224 3110 Et
1261 3037 1644 3134 pollicetur
1679 3055 1806 3130 per
1852 3040 2274 3131 prophetas,
2328 3041 2432 3114 di-

339 3160 546 3214 cens:
608 3137 1107 3234 appropinquabo
1140 3144 1228 3208 eis
1254 3138 1420 3234 quasi
1445 3136 1874 3233 vestimentum
1904 3145 2168 3234 corporis
2196 3166 2428 3215 eorum.

337 3244 517 3314 Deus
550 3241 734 3311 enim
754 3289 779 3327 ,
828 3238 1098 3327 inquit,
1147 3243 1646 3335 appropinquans
1674 3262 1767 3330 ego
1777 3237 1956 3329 sum,
2010 3240 2086 3314 (9·
2105 3265 2233 3310 non
2255 3245 2438 3311 Deus·

332 3343 411 3413 de
443 3335 615 3430 longe
643 3391 667 3427 ‚
718 3340 872 3407 dicit
910 3341 1245 3411 Dominus.
1346 3333 1525 3409 Non
1569 3334 1902 3410 deficient
1935 3339 2148 3432 igitur
2191 3341 2278 3413 de
2308 3365 2434 3438 pe-

332 3453 448 3513 tra
475 3439 736 3529 ubera,
787 3436 856 3508 id
896 3434 1032 3527 est,
1083 3434 1509 3529 aquae-Jel'ti,
1559 3440 1676 3509 vel
1712 3438 1829 3510 nix
1861 3437 1948 3508 de
1979 3437 2305 3521 Libano,
2359 3441 2434 3514 id

332 3538 481 3631 est,
548 3556 742 3627 aquae
779 3535 1023 3606 Patris.
1124 3534 1406 3607 Etenim
1445 3536 1720 3610 libanus
1766 3537 2146 3628 thymiama
2189 3538 2435 3614 secun-

330 3640 500 3712 dum
538 3638 767 3730 legem
799 3634 937 3706 Dei
972 3632 1234 3707 sacrum
1269 3633 1410 3725 est,
1463 3635 1528 3706 &
1559 3634 1762 3730 super
1799 3639 1993 3707 altari
2022 3638 2291 3711 libanus
2324 3641 2435 3713 of-

331 3737 567 3812 fertur
613 3733 938 3824 lucidus,
981 3735 1286 3825 'aequalis
1336 3735 1602 3825 aequali.
1727 3732 2125 3810 Commune
2166 3760 2436 3817 nomen

335 3838 442 3909 est
478 3835 683 3925 huJ'us
728 3833 1035 3924 montis,
1091 3833 1158 3906 &
1206 3835 1430 3907 thuris
1462 3885 1487 3924 ,
1554 3831 1797 3924 estque
1847 3837 1965 3907 nix
2017 3837 2104 3907 de
2153 3839 2432 3912 Libano

332 3933 765 4008 descendens
812 3933 1404 4025 quemadmodum
1447 3953 1624 4022 aqua
1677 3933 1977 4025 Spiritus
2027 3931 2236 4009 saneti
2270 3992 2293 4028 ‚
2344 3942 2439 4013 de

334 4054 477 4124 qua
519 4033 820 4104 dicitur:
893 4037 1222 4129 Numquid
1271 4032 1602 4102 declinabit
1646 4059 1808 4126 aqua
1838 4037 2152 4105 violenter
2175 4037 2432 4124 sublata

326 4137 566 4206 vento?
616 4130 897 4204 Etenim
927 4144 1153 4205 vento
1180 4129 1444 4223 fertur,
1497 4152 1646 4203 non
1675 4132 2094 4223 declinabit,
2143 4156 2294 4209 non
2326 4137 2436 4210 fu·

329 4233 439 4332 git
464 4250 645 4323 aqua
663 4229 960 4320 Spiritus
992 4228 1227 4321 saneti,
1249 4229 1363 4303 sed
1388 4231 1871 4323 unusquisque
1899 4230 2245 4328 nostrum,
2269 4235 2439 4314 dum

326 4347 592 4429 peccet
608 4382 634 4428 ,
668 4330 887 4430 fugit,
920 4351 1014 4407 ne
1041 4330 1238 4416 bibat
1261 4330 1351 4404 de
1373 4350 1554 4423 aqua
1575 4328 1874 4425 Spiritus
1900 4329 2136 4406 saneti.

2036 4434 2380 4524 39.th
