2734 4859
592 689 603 700 ·
694 675 879 754 ·1N
974 637 1872 776 JEREMI'AM
2207 703 2356 782 ης

233 853 339 915 tes
358 892 383 933 ,
436 837 759 916 adventu
809 841 1319 948 mauriscum
1367 841 1692 932 adventu
1729 841 2127 921 hirundinis
2175 866 2354 925 con·

233 954 588 1017 currente.

923 1096 1466 1178 CAPUT
1561 1097 1754 1182 X..

372 1262 485 1338 13.
543 1242 640 1318 Et
662 1250 1065 1338 congregavit
1108 1245 1299 1317 nubes
1338 1244 1428 1316 ab·
1451 1259 1731 1317 extremo
1765 1242 2012 1343 term]
2081 1243 2350 1324 Elevat

233 1355 465 1424 nutem
508 1343 577 1418 dr.
622 1345 852 1417 nubes
894 1346 982 1418 ab
1030 1357 1360 1421 extremo
1406 1358 1662 1440 terroe,
1721 1348 1930 1419 maris
1971 1369 2186 1439 aquas
2230 1351 2350 1422 ad·

233 1465 502 1520 vocans
530 1495 557 1535 ‚
608 1463 870 1536 easque
900 1442 1106 1540 super
1136 1459 1347 1519 terrae
1381 1443 1640 1519 faciem
1683 1442 2086 1534 effundens,
2164 1448 2346 1522 Alio

233 1541 423 1618 sensu
470 1544 685 1618 etiam
733 1540 1011 1618 saueius
1050 1544 1399 1638 scriptura
1440 1543 1668 1618 nubes
1718 1561 1989 1639 vocat,
2041 1549 2129 1621 ad
2171 1565 2348 1641 quas

233 1643 556 1717 veritatis
590 1663 772 1738 equa
796 1639 1057 1723 sursum
1087 1646 1369 1718 tollitur
1409 1665 1636 1736 usque
1665 1645 1758 1718 ad
1787 1646 2038 1720 nubes.
2139 1651 2352 1750 Quo·

233 1741 450 1818 modo
494 1743 685 1818 enim
723 1743 811 1818 ad
846 1759 963 1819 res
1012 1743 1215 1819 sensu
1252 1761 1582 1818 carentes
1624 1745 1839 1818 evehi
1870 1743 2082 1840 poffit
2113 1742 2153 1820 ἓ
2201 1743 2349 1824 sed
2393 1761 2398 1770 '

233 1843 315 1917 ad
344 1863 519 1938 eos,
571 1844 693 1936 qui
728 1840 867 1918 Dei
905 1844 1283 1939 praeceptis
1320 1845 1848 1939 obtemperant.

378 1964 491 2034 13.
545 1944 827 2038 Πάχητα
856 1947 932 2016 in
954 1949 1255 2044 pluviam
1269 1940 1500 2040 fectu]
1556 1945 1790 2018 Aiunt
1818 1945 2067 2020 harum
2104 1963 2351 2023 rerum

233 2043 484 2136 periti,
539 2041 913 2118 collisione
954 2045 1249 2118 nubium
1280 2096 1309 2139 ‚
1376 2045 1610 2118 veluti
1653 2045 1964 2137 lapidum
1992 2097 2017 2134 ‚
2087 2048 2347 2139 quibus

233 2143 591 2217 excutitur
626 2143 807 2239 ignis
836 2195 858 2230 ,
923 2144 993 2218 dt
1032 2145 1317 2222 tonitru
1357 2144 1670 2221 sonitum
1709 2163 2088 2242 erumpere
2117 2199 2145 2240 ,
2211 2146 2354 2222 ful·

233 2245 560 2342 gorisque
600 2241 1076 2336 splendorem.

330 2363 441 2435 13.
500 2344 597 2416 Et
616 2347 836 2418 eduxit
862 2344 1075 2417 lumen
1106 2368 1183 2417 ex
1210 2344 1528 2433 thesauris
1551 2339 1752 2442 sm]
1808 2341 2218 2419 Secundum
2241 2343 2347 2441 id,

233 2443 426 2536 quod
453 2442 526 2515 in
559 2457 905 2538 promptu
940 2444 1089 2524 est,
1138 2442 1542 2519 thesaurum
1582 2443 1800 2540 ipsam
1831 2442 1974 2517 Dei
2011 2445 2352 2520 volunta-

233 2557 371 2616 tem
395 2543 631 2616 dicere
659 2558 986 2637 oportet.
1096 2546 1224 2643 Ipse
1251 2545 1438 2618 enim
1471 2546 1741 2622 dixit&
1760 2541 1954 2638 fasta
1976 2543 2173 2632 sunt.-
2227 2545 2354 2643 ''1’ss

233 2645 596 2731 mandavit,
648 2643 725 2720 σ
761 2662 973 2716 creata
987 2645 1179 2736 sunt.
1282 2641 1381 2715 Et
1421 2660 1814 2719 ventorum
1847 2642 2218 2717 thesauros
2252 2644 2353 2718 es·

233 2741 295 2818 se
331 2764 482 2816 non
513 2744 914 2839 incongrue
952 2746 1257 2837 dixeris,
1306 2745 1456 2817 hoc
1503 2743 1606 2817 est
1638 2743 2030 2839 spirituum.
2119 2745 2353 2837 Spiri-

233 2857 342 2916 tus
390 2842 577 2916 enim
613 2839 969 2935 sapientiae
1018 2843 1086 2916 δι
1123 2841 1573 2938 prudentiae,
1638 2844 1920 2936 spiritus
1960 2842 2233 2917 consilii
2279 2846 2351 2919 dt
2451 2897 2456 2906 -
2507 2891 2516 2904 =

233 2940 707 3016 fortitudinis:
779 2943 1063 3035 spiritus
1106 2941 1514 3016 intellecius
1559 2942 1626 3016 ἃ
1659 2943 1945 3036 pietatis
1975 2991 2000 3023 ,
2067 2937 2351 3036 spiritus

233 3040 505 3116 timoris
554 3040 743 3135 Dei,
795 3036 1075 3136 spiritus
1123 3044 1386 3116 amoris
1433 3042 1500 3115 δι
1533 3041 2107 3139 redargutionis,
2174 3063 2357 3135 quo·

233 3162 383 3215 rum
413 3138 721 3216 thesauri
760 3138 1122 3235 Christus,
1180 3139 1266 3214 'in
1300 3160 1450 3232 quo
1485 3139 1792 3216 thesauri
1826 3138 2185 3234 sapientiae
2233 3143 2356 3217 ab·

233 3239 568 3315 sconditi:
618 3239 787 3315 inde
818 3239 1033 3337 igitur
1058 3255 1394 3316 emanant
1431 3261 1516 3314 ac
1556 3239 2091 3314 distribuuntur'.
2155 3241 2353 3316 Huic

233 3341 511 3432 quidem
546 3342 737 3415 ratio
790 3341 1132 3416 tribuitur
1173 3339 1580 3434 sapientiae,
1646 3341 1851 3413 alteri
1912 3360 2098 3416 vero
2141 3342 2353 3436 Juxta

233 3441 558 3519 eumdem
597 3439 915 3534 spiritum
947 3436 1229 3536 spiritus
1271 3441 1714 3537 cognitionis
1762 3439 1899 3514 ὄις.

384 3543 495 3617 16.
550 3542 695 3634 Qui
744 3539 1077 3634 formavit
1137 3545 1348 3612 omnia
1366 3594 1387 3627 ,
1460 3541 1584 3639 ipse
1643 3540 1724 3638 est
1772 3541 2089 3614 hereditas
2149 3537 2352 3640 ejus]

233 3641 491 3736 Aquila
522 3638 591 3714 &
622 3635 1057 3716 Theodotio
1092 3641 1545 3736 interpretati
1584 3636 1790 3716 sunt:
1842 3640 1960 3735 qui
2005 3637 2358 3718 formavit

233 3743 507 3835 omnia,
557 3738 707 3833 ipse
736 3738 877 3835 est,
932 3743 1000 3815 dt
1040 3739 1251 3818 Istael
1286 3741 1490 3840 virga
1525 3740 1958 3817 haereditatis
1993 3740 2170 3833 ejus.
2226 3742 2353 3816 Di—

233 3846 335 3919 xit
375 3853 612 3916 autem
640 3892 663 3930 ,
713 3839 927 3916 lsrael
972 3843 1176 3938 virga
1206 3843 1640 3916 haereditatis
1682 3842 1862 3934 ejus.
1962 3839 2355 3916 Haeredita·

233 3959 376 4017 tem
418 3959 712 4034 quoque
756 3957 1007 4038 gentes
1050 3938 1561 4037 fibi‘affumpfit
1591 3942 1798 4034 juxta
1826 3940 2043 4030 illud,
2107 3942 2353 4039 Postula

233 4071 267 4116 ι
318 4066 447 4135 me,
501 4041 581 4117 θ’
610 4041 761 4114 dabo
786 4044 906 4115 ribi
948 4059 1160 4138 gentes
1210 4045 1644 4117 hereditatem
1687 4058 1886 4120 ruam.
1987 4039 2227 4116 Erunt
2281 4039 2352 4118 ἁ

233 4155 480 4241 gentes
517 4137 746 4218 lsrael.
796 4177 809 4214 .·
1631 4191 1636 4196 -

1182 4437 1389 4516 Bbb
1442 4465 1486 4521 ,α
2085 4433 2264 4508 Ch-
