2734 4859
710 647 1861 810 'no-Mura-'xvm
2031 721 2036 726 ·
2185 729 2336 830 ⁶49

254 885 439 974 enirn
466 944 489 979 ,
542 893 737 987 quod
781 893 1093 967 incertus
1147 891 1283 988 fit,
1334 891 1567 981 dixit3
1626 886 1922 986 Fbrrffs
1968 889 2227 963 audient
2258 890 2339 968 (5

251 1005 693 1097 paenitentiam
725 1013 956 1087 agem3
1016 989 1134 1065 sed
1170 1007 1255 1065 ut
1291 991 1668 1064 admodum
1703 989 2107 1066 innotescat
2136 1007 2338 1066 tuum

252 1101 554 1173 liberum
577 1095 975 1183 arbitrium,
1028 1091 1097 1163 &
1128 1113 1223 1164 ne
1252 1093 1484 1179 dicas,
1537 1092 1584 1164 fi
1609 1113 1724 1164 me
1754 1092 2144 1184 periturum
2170 1113 2342 1184 prae-

254 1197 501 1274 novit,
555 1195 852 1268 omnino
884 1193 1241 1284 periturus
1280 1189 1468 1269 sum,
1517 1190 1562 1263 fi
1592 1192 1948 1283 praenovit
1979 1213 2094 1266 me
2129 1191 2348 1264 salva-

259 1313 407 1369 tum
447 1295 531 1366 iri
555 1347 579 1387 ,
634 1292 861 1365 salvus
891 1293 1188 1364 omnino
1216 1291 1494 1363 futurus
1522 1289 1689 1364 sum.
1788 1287 1965 1364 Non
2004 1313 2176 1390 ergo
2205 1314 2349 1386 prae

257 1394 327 1468 se
365 1394 505 1467 fert
529 1445 554 1484 ,
603 1391 673 1464 se
700 1443 726 1484 ,
792 1390 959 1482 quid
994 1390 1083 1461 de
1123 1405 1197 1462 te
1236 1390 1552 1463 futurum
1591 1389 1714 1480 fit,
1767 1385 1941 1462 scire
1973 1437 1994 1470 ,
2055 1407 2134 1464 ut
2175 1395 2346 1467 libe·

259 1514 415 1567 rum
438 1506 639 1564 tuum
664 1492 1021 1562 arbitrium
1049 1491 1402 1596 integrum
1432 1486 1706 1576 servet,
1755 1507 1904 1561 non
1930 1491 2152 1584 posita
2179 1513 2351 1587 prae-
2382 1519 2388 1524 ·
2463 1549 2468 1554 .

262 1593 571 1667 notione
601 1590 667 1663 δι
714 1585 1187 1682 praescientia,
1256 1609 1343 1662 an
1385 1587 1865 1681 poenitentiam
1909 1587 2180 1664 aeturus
2224 1593 2351 1685 fis,

263 1710 403 1765 nec
438 1711 553 1762 ne.
653 1684 750 1761 Et
782 1690 881 1760 ait
913 1688 999 1760 ad
1042 1686 1510 1780 Prophetam:
1565 1692 1875 1783 Loquere,
1914 1688 2200 1782 fortaffis
2230 1715 2351 1788 ρω-

265 1796 607 1861 nitentium
649 1804 852 1881 agent.
947 1786 1347 1861 Istiusmodi
1387 1788 1574 1861 enim
1616 1787 1746 1860 alia
1785 1782 2115 1862 sexcenta
2153 1809 2385 1885 repe-‘

263 1890 403 1962 ries
428 1889 515 1960 de
543 1885 710 1960 Deo
743 1884 922 1959 dieta
950 1887 1259 1960 humano
1283 1906 1488 1959 more
1515 1901 1789 1982 agente.
1890 1884 1964 1958 Si
1993 1883 2164 1962 iram
2185 1891 2354 1983 Dei,

248 1990 317 2061 ·s1
342 1987 656 2061 furorem
688 1987 1028 2068 audieris,
1064 1987 1215 2059 noli
1240 1999 1504 2077 putare.
1524 1988 1697 2058 iram
1735 1985 2195 2080 furoremque
2217 1988 2355 2064 'ess'e

266 2085 411 2160 Dei
450 2085 885 2160 affefflones.
1005 2083 1479 2159 Oeconomiae
1518 2087 1718 2158 causa
1752 2085 2096 2176 ejusmodi
2130 2110 2358 2178 voces

267 2185 689 2282 usurpantur
728 2186 813 2258 ad
863 2184 1205 2259 infantem
1253 2183 1824 2259 convertendum
1875 2184 1942 2259 dt
1987 2191 2362 2262 emendan-

272 2288 464 2360 dum.
562 2282 751 2358 Nam
778 2285 845 2356 &
876 2306 1013 2356 nos
1043 2285 1276 2377 pueris
1308 2285 1564 2359 iratum
1593 2287 1874 2359 vultum
1901 2286 2361 2380 ostendimus,

271 2406 428 2458 non
463 2404 552 2455 ex
590 2386 799 2459 animi
828 2382 1085 2458 effeetu
1115 2435 1141 2477 ,
1191 2381 1311 2457 sed
1348 2383 1682 2476 prudenti
1716 2387 2015 2461 ratione.
2118 2386 2189 2460 Si
2221 2392 2366 2461 ani-

274 2486 373 2560 mi
405 2484 987 2558 benevolentiam
1020 2504 1181 2579 erga
1208 2482 1549 2557 infantem
1573 2503 1715 2576 prae
1742 2484 1952 2557 vultu
1983 2486 2231 2560 nostro
2255 2500 2365 2560 tu-

277 2585 559 2656 lerimus
589 2636 613 2674 ,
666 2583 732 2655 &
776 2604 933 2656 eum
964 2636 991 2674 ,
1044 2604 1189 2673 quo
1236 2584 1430 2655 ilium
1468 2581 1941 2674 amplestirnur
1972 2639 1996 2677 ,
2049 2607 2365 2662 amorem

277 2682 829 2774 ostenderimus,
895 2703 1127 2771 neque
1180 2703 1312 2755 nos
1352 2683 1801 2755 immutantes
1831 2735 1857 2775 ,
1922 2706 2156 2776 neque
2195 2707 2373 2778 quo-

280 2783 660 2855 dammodo
695 2782 1322 2874 transformantes,
1360 2795 1444 2854 ut
1468 2782 1662 2854 illum
1692 2783 2183 2877 emendemus,
2217 2807 2375 2878 per-

283 2884 507 2954 dimus
539 2933 563 2971 ,
639 2881 1205 2971 deterioremque
1254 2881 1450 2952 illum
1503 2879 1861 2956 efficimus.
1973 2885 2090 2956 Sic
2159 2884 2371 2981 igitur

282 2979 484 3053 Deus
537 2979 605 3051 &
648 2979 843 3052 irasci
889 2980 1189 3070 dicitur,
1257 2978 1324 3050 δι
1363 2977 1610 3053 furore
1651 2981 1914 3074 corripi
1965 2981 2033 3054 se
2083 2984 2221 3073 ait,
2289 2999 2375 3056 ut

284 3082 729 3152 convertaris
767 3079 831 3152 &
864 3078 1281 3153 emenderis,
1382 3077 1667 3151 Revera
1692 3099 1841 3151 non
1865 3080 2217 3175 irascitur,
2258 3105 2376 3156 ne-

287 3200 425 3268 que
467 3178 715 3252 furore
752 3180 1093 3274 agitatur,
1147 3176 1264 3250 sed
1296 3189 1376 3247 tu
1403 3179 1690 3269 patieris
1715 3200 1846 3260 ea,
1894 3200 2048 3272 quae
2071 3183 2228 3253 sunt
2255 3185 2377 3254 irae

287 3279 356 3349 &
392 3276 703 3369 furoris,
777 3277 1243 3351 acerbiffimos
1297 3277 1396 3348 ob
1461 3291 1652 3351 tuam
1702 3278 2031 3353 malitiam
2084 3281 2377 3355 dolores

284 3375 736 3471 sustinend0,
790 3398 949 3452 cum
979 3376 1142 3468 illa,
1195 3395 1349 3468 quae
1388 3376 1492 3449 ira
1529 3375 1670 3450 Dei
1699 3391 2060 3472 vocatur,
2111 3392 2187 3455 te
2220 3402 2384 3454 cor-

284 3498 342 3548 11
400 3480 609 3551 uerit.

349 3499 395 3570 p
438 3596 503 3668 7.
558 3574 841 3648 Deinde
891 3572 1052 3668 post
1100 3573 1494 3650 sermonem
1544 3574 1635 3648 de
1683 3574 1952 3651 duabus
2005 3580 2384 3675 gentibus,

288 3678 569 3770 priore,
616 3678 728 3747 cui
760 3676 1005 3765 minae,
1039 3676 1296 3768 altera,
1337 3675 1954 3769 cuipromissiones
1974 3676 2170 3753 fauae
2193 3677 2383 3774 sunt,

290 3776 389 3847 ait
428 3775 644 3865 priori
685 3773 1010 3848 nimirum
1043 3796 1062 3846 ε
1118 3777 1211 3846 Et
1242 3799 1415 3846 nunc
1452 3778 1547 3846 dic
1584 3778 1665 3846 ad
1688 3781 1866 3850 vim
1915 3780 2096 3876 Juda
2124 3829 2146 3867 ,
2188 3778 2269 3858 θ’
2305 3781 2390 3852 ad

292 3875 672 3944 habaetatores
707 3875 1096 3970 Jerusalem,
1148 3876 1271 3943 luc
1301 3877 1456 3944 dicit
1492 3877 1850 3951 Dominus:
1900 3877 2057 3952 Ecce
2093 3904 2191 3973 ego
2218 3883 2388 3974 fingo

281 3974 473 4065 super
521 3997 633 4041 vos
680 3975 866 4044 mala.
991 3972 1351 4070 Quoniam
1401 3973 1476 4046 in
1521 3992 1732 4048 manu
1780 3997 1939 4052 mea
1986 3976 2144 4051 sunt
2189 3979 2386 4071 haec,

297 4091 451 4161 quae
490 4067 684 4167 fingo
717 4125 742 4164 ,
808 4070 1011 4164 super
1059 4094 1196 4145 vos
1238 4071 1530 4166 possunt
1579 4075 1855 4148 cadere.
1975 4075 2168 4149 Date
2213 4099 2391 4171 ope·

293 4192 444 4244 ram
471 4223 495 4260 ,
544 4187 627 4240 ut
667 4193 706 4244 e
742 4193 955 4246 manu
983 4192 1140 4246 mea
1165 4173 1537 4262 excidant,
1587 4184 1669 4245 ut
1706 4195 1833 4265 ea,
1888 4194 2040 4268 quae
2065 4172 2262 4273 fingo
2285 4176 2390 4250 su-

298 4292 426 4364 per
469 4290 601 4341 vos
636 4272 859 4362 mala,
924 4284 1191 4344 mutem
1222 4323 1247 4362 ,
1312 4270 1380 4344 &
1425 4271 1675 4346 faciam
1718 4276 1932 4350 bona.
2037 4274 2246 4348 Haud
2287 4277 2394 4348 in·

301 4372 548 4446 venies
569 4421 595 4466 ,
642 4395 763 4444 ecce
779 4365 957 4468 fingo
971 4369 1158 4469 [uper
1192 4395 1306 4544 weg
1328 4371 1518 4460 bona,
1573 4370 1641 4446 ἂ
1681 4393 1834 4466 quae
1865 4374 1974 4448 his
2018 4372 2407 4447 consenta-

1339 4488 1376 4546 8
1429 4489 1470 4564 5
2191 4489 2360 4538 nea
