<?xml version="1.0" encoding="UTF-8"?>
<!DOCTYPE html PUBLIC "-//W3C//DTD XHTML 1.0 Transitional//EN"
    "http://www.w3.org/TR/xhtml1/DTD/xhtml1-transitional.dtd">
<html xmlns="http://www.w3.org/1999/xhtml" xml:lang="en" lang="en">
 <head>
  <title>
</title>
<meta http-equiv="Content-Type" content="text/html;charset=utf-8" />
  <meta name='ocr-system' content='tesseract 3.04.00' />
  <meta name='ocr-capabilities' content='ocr_page ocr_carea ocr_par ocr_line ocrx_word'/>
</head>
<body>
  <div class='ocr_page' id='page_1' title='image "./operaomniasanct06unkngoog_0092.png"; bbox 0 0 2734 4859; ppageno 0'>
   <div class='ocr_carea' id='block_1_1' title="bbox 189 629 1224 740">
    <p class='ocr_par' dir='ltr' id='par_1_1' title="bbox 189 629 1224 740">
     <span class='ocr_line' id='line_1_1' title="bbox 189 629 1224 740; baseline -0.003 -30"><span class='ocrx_word' id='word_1_1' title='bbox 189 657 238 734; x_wconf 64' lang='grc' dir='ltr'><strong>μ</strong></span> <span class='ocrx_word' id='word_1_2' title='bbox 296 631 536 711; x_wconf 76' lang='lat' dir='ltr'>omanus</span> <span class='ocrx_word' id='word_1_3' title='bbox 561 631 617 712; x_wconf 88' lang='grc' dir='ltr'>ιιι</span> <span class='ocrx_word' id='word_1_4' title='bbox 643 629 919 709; x_wconf 73' lang='lat' dir='ltr'>cananeum</span> <span class='ocrx_word' id='word_1_5' title='bbox 946 629 1151 711; x_wconf 82' lang='lat' dir='ltr'>cnnrrc.</span> <span class='ocrx_word' id='word_1_6' title='bbox 1188 663 1224 740; x_wconf 53' lang='grc' dir='ltr'>ς,</span> 
     </span>
    </p>
   </div>
   <div class='ocr_carea' id='block_1_2' title="bbox 77 795 1224 4471">
    <p class='ocr_par' dir='ltr' id='par_1_2' title="bbox 77 795 1224 4471">
     <span class='ocr_line' id='line_1_2' title="bbox 187 795 1219 889; baseline -0.004 -17"><span class='ocrx_word' id='word_1_7' title='bbox 187 797 334 889; x_wconf 84' lang='lat' dir='ltr'>cabuld,</span> <span class='ocrx_word' id='word_1_8' title='bbox 360 797 602 872; x_wconf 84' lang='lat' dir='ltr'>&amp;exterioris</span> <span class='ocrx_word' id='word_1_9' title='bbox 617 796 773 870; x_wconf 89' lang='lat' dir='ltr'>hominis</span> <span class='ocrx_word' id='word_1_10' title='bbox 795 797 974 886; x_wconf 88' lang='lat' dir='ltr'>membra,</span> <span class='ocrx_word' id='word_1_11' title='bbox 1001 795 1036 867; x_wconf 72' lang='lat' dir='ltr'>u</span> <span class='ocrx_word' id='word_1_12' title='bbox 1053 795 1172 868; x_wconf 90' lang='lat' dir='ltr'>illius&#39;</span> <span class='ocrx_word' id='word_1_13' title='bbox 1161 815 1219 880; x_wconf 61' lang='lat' dir='ltr'>ra..</span> 
     </span>
     <span class='ocr_line' id='line_1_3' title="bbox 187 891 1224 1004; baseline 0 -34"><span class='ocrx_word' id='word_1_14' title='bbox 187 897 294 972; x_wconf 87' lang='lat' dir='ltr'>rioris</span> <span class='ocrx_word' id='word_1_15' title='bbox 315 899 477 972; x_wconf 90' lang='lat' dir='ltr'>hominis</span> <span class='ocrx_word' id='word_1_16' title='bbox 485 913 604 991; x_wconf 85' lang='lat' dir='ltr'>partes</span> <span class='ocrx_word' id='word_1_17' title='bbox 623 895 843 987; x_wconf 74' lang='lat' dir='ltr'>affeilusque</span> <span class='ocrx_word' id='word_1_18' title='bbox 859 899 1110 988; x_wconf 82' lang='lat' dir='ltr'>nominantur,</span> <span class='ocrx_word' id='word_1_19' title='bbox 1138 891 1224 1004; x_wconf 51' lang='lat' dir='ltr'>eai&#39;t</span> 
     </span>
     <span class='ocr_line' id='line_1_4' title="bbox 186 957 1224 1104; baseline -0.003 -30"><span class='ocrx_word' id='word_1_20' title='bbox 186 1019 265 1074; x_wconf 87' lang='lat' dir='ltr'>non</span> <span class='ocrx_word' id='word_1_21' title='bbox 280 993 395 1072; x_wconf 89' lang='lat' dir='ltr'>solum</span> <span class='ocrx_word' id='word_1_22' title='bbox 418 998 637 1088; x_wconf 87' lang='lat' dir='ltr'>vocabulis,</span> <span class='ocrx_word' id='word_1_23' title='bbox 663 995 722 1070; x_wconf 89' lang='lat' dir='ltr'>sed</span> <span class='ocrx_word' id='word_1_24' title='bbox 743 997 899 1070; x_wconf 87' lang='lat' dir='ltr'>&amp;rebus</span> <span class='ocrx_word' id='word_1_25' title='bbox 917 995 996 1088; x_wconf 79' lang='lat' dir='ltr'>ipsis</span> <span class='ocrx_word' id='word_1_26' title='bbox 1013 995 1075 1068; x_wconf 89' lang='lat' dir='ltr'>srbi</span> <span class='ocrx_word' id='word_1_27' title='bbox 1082 957 1224 1104; x_wconf 52' lang='lat' dir='ltr'>invia}</span> 
     </span>
     <span class='ocr_line' id='line_1_5' title="bbox 188 1067 1219 1195; baseline -0.003 -23"><span class='ocrx_word' id='word_1_28' title='bbox 188 1111 455 1195; x_wconf 85' lang='lat' dir='ltr'>comparantur.</span> <span class='ocrx_word' id='word_1_29' title='bbox 510 1098 624 1171; x_wconf 87' lang='lat' dir='ltr'>Verbi</span> <span class='ocrx_word' id='word_1_30' title='bbox 646 1099 783 1192; x_wconf 84' lang='lat' dir='ltr'>gratia,</span> <span class='ocrx_word' id='word_1_31' title='bbox 815 1111 920 1168; x_wconf 76' lang='lat' dir='ltr'>etate</span> <span class='ocrx_word' id='word_1_32' title='bbox 940 1095 1064 1186; x_wconf 89' lang='lat' dir='ltr'>aliquis</span> <span class='ocrx_word' id='word_1_33' title='bbox 1090 1095 1141 1168; x_wconf 89' lang='lat' dir='ltr'>est</span> <span class='ocrx_word' id='word_1_34' title='bbox 1162 1067 1219 1194; x_wconf 62' lang='grc' dir='ltr'>ριξ</span> 
     </span>
     <span class='ocr_line' id='line_1_6' title="bbox 185 1195 1224 1312; baseline -0.006 -38"><span class='ocrx_word' id='word_1_35' title='bbox 185 1197 381 1274; x_wconf 83' lang='lat' dir='ltr'>secundum</span> <span class='ocrx_word' id='word_1_36' title='bbox 407 1199 625 1270; x_wconf 84' lang='lat' dir='ltr'>exteriorem</span> <span class='ocrx_word' id='word_1_37' title='bbox 649 1197 853 1312; x_wconf 87' lang='lat' dir='ltr'>hominem,</span> <span class='ocrx_word' id='word_1_38' title='bbox 885 1215 989 1286; x_wconf 93' lang='lat' dir='ltr'>quem</span> <span class='ocrx_word' id='word_1_39' title='bbox 1016 1195 1224 1287; x_wconf 85' lang='lat' dir='ltr'>possibile&#39;</span> 
     </span>
     <span class='ocr_line' id='line_1_7' title="bbox 188 1295 1224 1410; baseline 0.001 -38"><span class='ocrx_word' id='word_1_40' title='bbox 188 1297 375 1389; x_wconf 85' lang='lat' dir='ltr'>crescere,</span> <span class='ocrx_word' id='word_1_41' title='bbox 407 1297 442 1370; x_wconf 85' lang='lat'>&amp;</span> <span class='ocrx_word' id='word_1_42' title='bbox 465 1298 509 1370; x_wconf 89' lang='lat' dir='ltr'>ad</span> <span class='ocrx_word' id='word_1_43' title='bbox 532 1311 670 1370; x_wconf 76' lang='lat' dir='ltr'>etatem</span> <span class='ocrx_word' id='word_1_44' title='bbox 684 1298 834 1410; x_wconf 83' lang='lat' dir='ltr'>juvenis</span> <span class='ocrx_word' id='word_1_45' title='bbox 858 1295 1013 1386; x_wconf 83' lang='lat' dir='ltr'>adduci,</span> <span class='ocrx_word' id='word_1_46' title='bbox 1041 1310 1148 1385; x_wconf 83' lang='lat' dir='ltr'>atque</span> <span class='ocrx_word' id='word_1_47' title='bbox 1165 1295 1224 1388; x_wconf 61' lang='lat' dir='ltr'>itt?</span> 
     </span>
     <span class='ocr_line' id='line_1_8' title="bbox 186 1395 1223 1510; baseline -0.004 -36"><span class='ocrx_word' id='word_1_48' title='bbox 186 1395 489 1474; x_wconf 88' lang='lat' dir='ltr'>succedentibus</span> <span class='ocrx_word' id='word_1_49' title='bbox 481 1398 710 1472; x_wconf 78' lang='lat' dir='ltr'>incrementis</span> <span class='ocrx_word' id='word_1_50' title='bbox 726 1397 918 1489; x_wconf 90' lang='lat' dir='ltr'>pervenire</span> <span class='ocrx_word' id='word_1_51' title='bbox 934 1396 977 1468; x_wconf 85' lang='lat' dir='ltr'>ad</span> <span class='ocrx_word' id='word_1_52' title='bbox 1000 1395 1116 1468; x_wconf 90' lang='lat' dir='ltr'>virum</span> <span class='ocrx_word' id='word_1_53' title='bbox 1133 1395 1223 1510; x_wconf 58' lang='lat' dir='ltr'>pers-J</span> 
     </span>
     <span class='ocr_line' id='line_1_9' title="bbox 77 1495 1209 1590; baseline -0.004 -18"><span class='ocrx_word' id='word_1_54' title='bbox 77 1545 80 1558; x_wconf 88' lang='lat'>·</span> <span class='ocrx_word' id='word_1_55' title='bbox 186 1497 303 1589; x_wconf 73' lang='lat' dir='ltr'>stum,</span> <span class='ocrx_word' id='word_1_56' title='bbox 328 1495 631 1590; x_wconf 79' lang='lat' dir='ltr'>&amp;efficipatrem</span> <span class='ocrx_word' id='word_1_57' title='bbox 683 1473 1223 1570; x_wconf 87' lang='lat' dir='ltr'>Hisautemnominibusuriv</span> 
     </span>
     <span class='ocr_line' id='line_1_10' title="bbox 185 1594 1212 1689; baseline -0.002 -17"><span class='ocrx_word' id='word_1_58' title='bbox 185 1599 337 1689; x_wconf 88' lang='lat' dir='ltr'>luimus,</span> <span class='ocrx_word' id='word_1_59' title='bbox 361 1611 404 1670; x_wconf 92' lang='lat' dir='ltr'>ut</span> <span class='ocrx_word' id='word_1_60' title='bbox 438 1596 597 1670; x_wconf 86' lang='lat' dir='ltr'>consona</span> <span class='ocrx_word' id='word_1_61' title='bbox 624 1595 755 1669; x_wconf 88' lang='lat' dir='ltr'>divinae</span> <span class='ocrx_word' id='word_1_62' title='bbox 778 1594 981 1689; x_wconf 87' lang='lat' dir='ltr'>scripturae,</span> <span class='ocrx_word' id='word_1_63' title='bbox 1014 1596 1065 1667; x_wconf 89' lang='lat' dir='ltr'>illi</span> <span class='ocrx_word' id='word_1_64' title='bbox 1090 1594 1212 1670; x_wconf 87' lang='lat' dir='ltr'>scilice</span> 
     </span>
     <span class='ocr_line' id='line_1_11' title="bbox 186 1683 1224 1792; baseline -0.002 -23"><span class='ocrx_word' id='word_1_65' title='bbox 186 1718 264 1791; x_wconf 80' lang='lat' dir='ltr'>quae</span> <span class='ocrx_word' id='word_1_66' title='bbox 283 1699 327 1770; x_wconf 87' lang='lat' dir='ltr'>ab</span> <span class='ocrx_word' id='word_1_67' title='bbox 342 1695 482 1790; x_wconf 83' lang='lat' dir='ltr'>Joanne</span> <span class='ocrx_word' id='word_1_68' title='bbox 499 1697 626 1790; x_wconf 91' lang='lat' dir='ltr'>scripta</span> <span class='ocrx_word' id='word_1_69' title='bbox 639 1695 710 1789; x_wconf 90' lang='lat' dir='ltr'>est,</span> <span class='ocrx_word' id='word_1_70' title='bbox 732 1697 913 1767; x_wconf 89' lang='lat' dir='ltr'>vocabula</span> <span class='ocrx_word' id='word_1_71' title='bbox 928 1715 1156 1786; x_wconf 86' lang='lat' dir='ltr'>poneremus.</span> <span class='ocrx_word' id='word_1_72' title='bbox 1182 1683 1224 1792; x_wconf 95' lang='lat' dir='ltr'>A</span> 
     </span>
     <span class='ocr_line' id='line_1_12' title="bbox 185 1791 1224 1894; baseline -0.001 -25"><span class='ocrx_word' id='word_1_73' title='bbox 185 1796 368 1870; x_wconf 81' lang='lat' dir='ltr'>enimille.</span> <span class='ocrx_word' id='word_1_74' title='bbox 396 1799 511 1894; x_wconf 75' lang='lat' dir='ltr'>Scripfi</span> <span class='ocrx_word' id='word_1_75' title='bbox 526 1797 626 1884; x_wconf 81' lang='lat' dir='ltr'>uobis,</span> <span class='ocrx_word' id='word_1_76' title='bbox 642 1803 748 1893; x_wconf 79' lang='lat' dir='ltr'>pueri,</span> <span class='ocrx_word' id='word_1_77' title='bbox 763 1791 1224 1913; x_wconf 57' lang='grc' dir='ltr'>ᾳιιιηιιιιιιιχιιιιιφιιγιιισσιξ</span> 
     </span>
     <span class='ocr_line' id='line_1_13' title="bbox 177 1897 1218 1996; baseline 0.002 -30"><span class='ocrx_word' id='word_1_78' title='bbox 177 1897 243 1988; x_wconf 86' lang='lat' dir='ltr'>scri</span> <span class='ocrx_word' id='word_1_79' title='bbox 241 1897 286 1996; x_wconf 76' lang='lat' dir='ltr'>pſs</span> <span class='ocrx_word' id='word_1_80' title='bbox 298 1897 387 1967; x_wconf 79' lang='lat' dir='ltr'>nabis</span> <span class='ocrx_word' id='word_1_81' title='bbox 389 1915 542 1995; x_wconf 58' lang='lat' dir='ltr'>,patrm</span> <span class='ocrx_word' id='word_1_82' title='bbox 556 1903 708 1996; x_wconf 80' lang='lat' dir='ltr'>quoniam</span> <span class='ocrx_word' id='word_1_83' title='bbox 720 1897 899 1993; x_wconf 79' lang='lat' dir='ltr'>mgraavr&#39;flis</span> <span class='ocrx_word' id='word_1_84' title='bbox 917 1920 986 1966; x_wconf 81' lang='lat' dir='ltr'>eum</span> <span class='ocrx_word' id='word_1_85' title='bbox 994 1921 1080 1992; x_wconf 84' lang='lat' dir='ltr'>,qur</span> <span class='ocrx_word' id='word_1_86' title='bbox 1075 1899 1133 1968; x_wconf 86' lang='lat' dir='ltr'>ab</span> <span class='ocrx_word' id='word_1_87' title='bbox 1147 1899 1218 1968; x_wconf 79' lang='grc' dir='ltr'>ισιιίι</span> 
     </span>
     <span class='ocr_line' id='line_1_14' title="bbox 183 1971 1223 2096; baseline -0.002 -29"><span class='ocrx_word' id='word_1_88' title='bbox 183 1999 236 2093; x_wconf 74' lang='lat' dir='ltr'>esi.</span> <span class='ocrx_word' id='word_1_89' title='bbox 287 1998 404 2096; x_wconf 73' lang='lat' dir='ltr'>Scripfi</span> <span class='ocrx_word' id='word_1_90' title='bbox 418 1999 505 2069; x_wconf 82' lang='lat' dir='ltr'>uobis</span> <span class='ocrx_word' id='word_1_91' title='bbox 513 2005 700 2095; x_wconf 77' lang='lat' dir='ltr'>,juvenes,</span> <span class='ocrx_word' id='word_1_92' title='bbox 727 2002 873 2095; x_wconf 81' lang='lat' dir='ltr'>quoniam</span> <span class='ocrx_word' id='word_1_93' title='bbox 885 1996 991 2088; x_wconf 79' lang='lat' dir='ltr'>forres</span> <span class='ocrx_word' id='word_1_94' title='bbox 1008 1997 1099 2094; x_wconf 72' lang='lat' dir='ltr'>estis,</span> <span class='ocrx_word' id='word_1_95' title='bbox 1125 1971 1223 2072; x_wconf 69' lang='lat' dir='ltr'>&amp;ve</span> 
     </span>
     <span class='ocr_line' id='line_1_15' title="bbox 182 2094 1222 2195; baseline 0.001 -27"><span class='ocrx_word' id='word_1_96' title='bbox 182 2097 253 2168; x_wconf 82' lang='lat' dir='ltr'>bum</span> <span class='ocrx_word' id='word_1_97' title='bbox 273 2103 338 2169; x_wconf 83' lang='lat' dir='ltr'>Dei</span> <span class='ocrx_word' id='word_1_98' title='bbox 353 2116 461 2169; x_wconf 78' lang='lat' dir='ltr'>maner</span> <span class='ocrx_word' id='word_1_99' title='bbox 478 2105 516 2168; x_wconf 83' lang='lat' dir='ltr'>in</span> <span class='ocrx_word' id='word_1_100' title='bbox 530 2100 637 2185; x_wconf 83' lang='lat' dir='ltr'>vobis,</span> <span class='ocrx_word' id='word_1_101' title='bbox 664 2097 702 2174; x_wconf 68' lang='lat' dir='ltr'><em>U</em></span> <span class='ocrx_word' id='word_1_102' title='bbox 719 2098 839 2195; x_wconf 75' lang='lat' dir='ltr'>vicistis</span> <span class='ocrx_word' id='word_1_103' title='bbox 854 2098 1033 2189; x_wconf 73' lang='lat' dir='ltr'>malignam</span> <span class='ocrx_word' id='word_1_104' title='bbox 1083 2094 1222 2176; x_wconf 65' lang='lat' dir='ltr'>Evidet</span> 
     </span>
     <span class='ocr_line' id='line_1_16' title="bbox 181 2195 1222 2289; baseline 0.005 -20"><span class='ocrx_word' id='word_1_105' title='bbox 181 2199 308 2289; x_wconf 91' lang='lat' dir='ltr'>utique</span> <span class='ocrx_word' id='word_1_106' title='bbox 332 2196 410 2289; x_wconf 89' lang='lat' dir='ltr'>est,</span> <span class='ocrx_word' id='word_1_107' title='bbox 444 2219 528 2278; x_wconf 94' lang='lat' dir='ltr'>nec</span> <span class='ocrx_word' id='word_1_108' title='bbox 538 2201 582 2272; x_wconf 85' lang='lat' dir='ltr'>rb</span> <span class='ocrx_word' id='word_1_109' title='bbox 607 2201 684 2271; x_wconf 89' lang='lat' dir='ltr'>ullo</span> <span class='ocrx_word' id='word_1_110' title='bbox 707 2199 863 2272; x_wconf 86' lang='lat' dir='ltr'>arbitror</span> <span class='ocrx_word' id='word_1_111' title='bbox 889 2197 1041 2287; x_wconf 89' lang='lat' dir='ltr'>omnino</span> <span class='ocrx_word' id='word_1_112' title='bbox 1068 2195 1222 2274; x_wconf 81' lang='lat' dir='ltr'>dubitui</span> 
     </span>
     <span class='ocr_line' id='line_1_17' title="bbox 182 2298 1224 2392; baseline 0.003 -23"><span class='ocrx_word' id='word_1_113' title='bbox 182 2299 282 2388; x_wconf 90' lang='lat' dir='ltr'>quod</span> <span class='ocrx_word' id='word_1_114' title='bbox 301 2318 436 2389; x_wconf 84' lang='lat' dir='ltr'>pueros</span> <span class='ocrx_word' id='word_1_115' title='bbox 448 2299 508 2370; x_wconf 92' lang='lat' dir='ltr'>hic</span> <span class='ocrx_word' id='word_1_116' title='bbox 522 2299 680 2392; x_wconf 89' lang='lat' dir='ltr'>Joannes</span> <span class='ocrx_word' id='word_1_117' title='bbox 694 2300 754 2371; x_wconf 90' lang='lat' dir='ltr'>vel</span> <span class='ocrx_word' id='word_1_118' title='bbox 773 2298 1038 2388; x_wconf 86' lang='lat' dir='ltr'>adolescentes,</span> <span class='ocrx_word' id='word_1_119' title='bbox 1067 2299 1155 2370; x_wconf 90' lang='lat' dir='ltr'>vel</span> <span class='ocrx_word' id='word_1_120' title='bbox 1141 2317 1224 2388; x_wconf 77' lang='lat' dir='ltr'>juva</span> 
     </span>
     <span class='ocr_line' id='line_1_18' title="bbox 180 2397 1224 2492; baseline 0 -23"><span class='ocrx_word' id='word_1_121' title='bbox 180 2416 267 2490; x_wconf 89' lang='lat' dir='ltr'>nes,</span> <span class='ocrx_word' id='word_1_122' title='bbox 296 2401 356 2472; x_wconf 88' lang='lat' dir='ltr'>vel</span> <span class='ocrx_word' id='word_1_123' title='bbox 378 2397 485 2471; x_wconf 89' lang='lat' dir='ltr'>etiarn</span> <span class='ocrx_word' id='word_1_124' title='bbox 504 2415 623 2492; x_wconf 88' lang='lat' dir='ltr'>patres</span> <span class='ocrx_word' id='word_1_125' title='bbox 643 2397 835 2471; x_wconf 91' lang='lat' dir='ltr'>secundum</span> <span class='ocrx_word' id='word_1_126' title='bbox 858 2400 1002 2488; x_wconf 81' lang='lat' dir='ltr'>animae,</span> <span class='ocrx_word' id='word_1_127' title='bbox 1029 2417 1105 2469; x_wconf 87' lang='lat' dir='ltr'>non</span> <span class='ocrx_word' id='word_1_128' title='bbox 1125 2398 1224 2470; x_wconf 86' lang='lat' dir='ltr'>secun</span> 
     </span>
     <span class='ocr_line' id='line_1_19' title="bbox 180 2495 1224 2591; baseline 0.001 -22"><span class='ocrx_word' id='word_1_129' title='bbox 180 2495 264 2570; x_wconf 90' lang='lat' dir='ltr'>dum</span> <span class='ocrx_word' id='word_1_130' title='bbox 293 2498 459 2590; x_wconf 89' lang='lat' dir='ltr'>corporis</span> <span class='ocrx_word' id='word_1_131' title='bbox 477 2500 635 2591; x_wconf 90' lang='lat' dir='ltr'>appellet</span> <span class='ocrx_word' id='word_1_132' title='bbox 658 2513 810 2572; x_wconf 86' lang='lat' dir='ltr'>aetatem.</span> <span class='ocrx_word' id='word_1_133' title='bbox 862 2497 987 2570; x_wconf 84' lang='lat' dir='ltr'>Sed&amp;</span> <span class='ocrx_word' id='word_1_134' title='bbox 1010 2496 1137 2569; x_wconf 86' lang='lat' dir='ltr'>Paulus</span> <span class='ocrx_word' id='word_1_135' title='bbox 1159 2495 1224 2570; x_wconf 85' lang='lat' dir='ltr'>dici</span> 
     </span>
     <span class='ocr_line' id='line_1_20' title="bbox 154 2596 1224 2695; baseline -0.001 -26"><span class='ocrx_word' id='word_1_136' title='bbox 154 2615 157 2626; x_wconf 90' lang='lat'>&#39;</span> <span class='ocrx_word' id='word_1_137' title='bbox 179 2596 217 2669; x_wconf 86' lang='lat' dir='ltr'>in</span> <span class='ocrx_word' id='word_1_138' title='bbox 237 2599 391 2687; x_wconf 80' lang='lat' dir='ltr'>quodam</span> <span class='ocrx_word' id='word_1_139' title='bbox 404 2598 509 2670; x_wconf 87' lang='lat' dir='ltr'>loco:</span> <span class='ocrx_word' id='word_1_140' title='bbox 535 2603 615 2672; x_wconf 75' lang='lat' dir='ltr'>Nm</span> <span class='ocrx_word' id='word_1_141' title='bbox 628 2604 721 2694; x_wconf 80' lang='lat' dir='ltr'>potari</span> <span class='ocrx_word' id='word_1_142' title='bbox 736 2599 919 2695; x_wconf 81' lang='lat' dir='ltr'>vobisbaqui</span> <span class='ocrx_word' id='word_1_143' title='bbox 935 2598 1224 2693; x_wconf 71' lang='lat' dir='ltr'>quaſsspiritabibaa</span> 
     </span>
     <span class='ocr_line' id='line_1_21' title="bbox 173 2697 1224 2797; baseline 0.004 -32"><span class='ocrx_word' id='word_1_144' title='bbox 173 2699 229 2789; x_wconf 78' lang='lat' dir='ltr'>Jed</span> <span class='ocrx_word' id='word_1_145' title='bbox 245 2699 328 2793; x_wconf 55' lang='lat' dir='ltr'>quari</span> <span class='ocrx_word' id='word_1_146' title='bbox 342 2700 540 2785; x_wconf 82' lang='lat' dir='ltr'>carnalibus,</span> <span class='ocrx_word' id='word_1_147' title='bbox 564 2715 719 2797; x_wconf 75' lang='lat' dir='ltr'>tanquam</span> <span class='ocrx_word' id='word_1_148' title='bbox 728 2702 905 2795; x_wconf 81' lang='lat' dir='ltr'>parvulis</span> <span class='ocrx_word' id='word_1_149' title='bbox 892 2724 929 2767; x_wconf 85' lang='lat' dir='ltr'>m</span> <span class='ocrx_word' id='word_1_150' title='bbox 949 2698 1071 2792; x_wconf 68' lang='lat' dir='ltr'>Cbrrjlo</span> <span class='ocrx_word' id='word_1_151' title='bbox 1090 2700 1138 2768; x_wconf 83' lang='lat' dir='ltr'>lac</span> <span class='ocrx_word' id='word_1_152' title='bbox 1156 2697 1224 2768; x_wconf 79' lang='lat' dir='ltr'>vobi</span> 
     </span>
     <span class='ocr_line' id='line_1_22' title="bbox 148 2796 1224 2895; baseline 0.002 -23"><span class='ocrx_word' id='word_1_153' title='bbox 148 2813 283 2895; x_wconf 80' lang='lat' dir='ltr'>.parum</span> <span class='ocrx_word' id='word_1_154' title='bbox 305 2800 397 2885; x_wconf 76' lang='lat' dir='ltr'>dadi,</span> <span class='ocrx_word' id='word_1_155' title='bbox 431 2824 497 2870; x_wconf 83' lang='lat' dir='ltr'>nan</span> <span class='ocrx_word' id='word_1_156' title='bbox 521 2801 628 2888; x_wconf 77' lang='lat' dir='ltr'>escam.</span> <span class='ocrx_word' id='word_1_157' title='bbox 681 2799 723 2871; x_wconf 91' lang='lat' dir='ltr'>In</span> <span class='ocrx_word' id='word_1_158' title='bbox 751 2796 893 2870; x_wconf 90' lang='lat' dir='ltr'>Christo</span> <span class='ocrx_word' id='word_1_159' title='bbox 922 2800 1093 2889; x_wconf 89' lang='lat' dir='ltr'>parvulus</span> <span class='ocrx_word' id='word_1_160' title='bbox 1114 2816 1224 2889; x_wconf 80' lang='lat' dir='ltr'>proca</span> 
     </span>
     <span class='ocr_line' id='line_1_23' title="bbox 177 2895 1224 2988; baseline 0.001 -17"><span class='ocrx_word' id='word_1_161' title='bbox 177 2899 291 2971; x_wconf 91' lang='lat' dir='ltr'>dubio</span> <span class='ocrx_word' id='word_1_162' title='bbox 307 2895 499 2973; x_wconf 88' lang='lat' dir='ltr'>secundum</span> <span class='ocrx_word' id='word_1_163' title='bbox 520 2902 663 2988; x_wconf 85' lang='lat' dir='ltr'>animae,</span> <span class='ocrx_word' id='word_1_164' title='bbox 688 2919 764 2971; x_wconf 93' lang='lat' dir='ltr'>non</span> <span class='ocrx_word' id='word_1_165' title='bbox 784 2896 973 2969; x_wconf 90' lang='lat' dir='ltr'>secundum</span> <span class='ocrx_word' id='word_1_166' title='bbox 991 2898 1106 2969; x_wconf 87' lang='lat' dir='ltr'>carnis</span> <span class='ocrx_word' id='word_1_167' title='bbox 1130 2919 1224 2972; x_wconf 91' lang='lat' dir='ltr'>nom</span> 
     </span>
     <span class='ocr_line' id='line_1_24' title="bbox 176 2989 1224 3089; baseline -0.004 -18"><span class='ocrx_word' id='word_1_168' title='bbox 176 2989 284 3071; x_wconf 73' lang='lat' dir='ltr'>naiur</span> <span class='ocrx_word' id='word_1_169' title='bbox 309 3016 462 3074; x_wconf 85' lang='lat' dir='ltr'>aetatem.</span> <span class='ocrx_word' id='word_1_170' title='bbox 525 2999 693 3089; x_wconf 88' lang='lat' dir='ltr'>Denique</span> <span class='ocrx_word' id='word_1_171' title='bbox 718 2998 810 3070; x_wconf 91' lang='lat' dir='ltr'>idem</span> <span class='ocrx_word' id='word_1_172' title='bbox 832 2996 961 3068; x_wconf 89' lang='lat' dir='ltr'>Paulus</span> <span class='ocrx_word' id='word_1_173' title='bbox 984 2996 1090 3068; x_wconf 85' lang='lat' dir='ltr'>etiam</span> <span class='ocrx_word' id='word_1_174' title='bbox 1111 2998 1147 3069; x_wconf 94' lang='lat' dir='ltr'>in</span> <span class='ocrx_word' id='word_1_175' title='bbox 1168 2998 1224 3069; x_wconf 84' lang='lat' dir='ltr'>alir</span> 
     </span>
     <span class='ocr_line' id='line_1_25' title="bbox 177 3096 1219 3194; baseline -0.004 -24"><span class='ocrx_word' id='word_1_176' title='bbox 177 3098 267 3171; x_wconf 86' lang='lat' dir='ltr'>loco</span> <span class='ocrx_word' id='word_1_177' title='bbox 291 3102 363 3170; x_wconf 82' lang='lat' dir='ltr'>ait:</span> <span class='ocrx_word' id='word_1_178' title='bbox 392 3103 470 3170; x_wconf 83' lang='lat' dir='ltr'>Cum</span> <span class='ocrx_word' id='word_1_179' title='bbox 489 3099 575 3192; x_wconf 77' lang='lat' dir='ltr'>efferri</span> <span class='ocrx_word' id='word_1_180' title='bbox 593 3099 773 3194; x_wconf 82' lang='lat' dir='ltr'>parvulus,</span> <span class='ocrx_word' id='word_1_181' title='bbox 806 3098 948 3193; x_wconf 78' lang='lat' dir='ltr'>loquebar</span> <span class='ocrx_word' id='word_1_182' title='bbox 960 3096 1042 3189; x_wconf 78' lang='lat' dir='ltr'>ficut</span> <span class='ocrx_word' id='word_1_183' title='bbox 1058 3099 1219 3190; x_wconf 82' lang='lat' dir='ltr'>parvulus</span> 
     </span>
     <span class='ocr_line' id='line_1_26' title="bbox 173 3198 1224 3296; baseline 0.001 -30"><span class='ocrx_word' id='word_1_184' title='bbox 173 3199 254 3293; x_wconf 76' lang='lat' dir='ltr'>ficut</span> <span class='ocrx_word' id='word_1_185' title='bbox 277 3201 432 3294; x_wconf 80' lang='lat' dir='ltr'>parvulus</span> <span class='ocrx_word' id='word_1_186' title='bbox 459 3199 639 3296; x_wconf 81' lang='lat' dir='ltr'>sapiebam,</span> <span class='ocrx_word' id='word_1_187' title='bbox 667 3200 746 3291; x_wconf 74' lang='lat' dir='ltr'>ficut</span> <span class='ocrx_word' id='word_1_188' title='bbox 769 3198 929 3293; x_wconf 79' lang='lat' dir='ltr'>parvulas</span> <span class='ocrx_word' id='word_1_189' title='bbox 952 3202 1144 3289; x_wconf 78' lang='lat' dir='ltr'>cogitabam:</span> <span class='ocrx_word' id='word_1_190' title='bbox 1173 3224 1224 3268; x_wconf 87' lang='grc' dir='ltr'>ιιιι</span> 
     </span>
     <span class='ocr_line' id='line_1_27' title="bbox 176 3295 1224 3395; baseline 0 -25"><span class='ocrx_word' id='word_1_191' title='bbox 176 3316 282 3370; x_wconf 79' lang='lat' dir='ltr'>aulem</span> <span class='ocrx_word' id='word_1_192' title='bbox 290 3297 405 3391; x_wconf 68' lang='lat' dir='ltr'>fufius</span> <span class='ocrx_word' id='word_1_193' title='bbox 422 3298 495 3386; x_wconf 83' lang='lat' dir='ltr'>sam</span> <span class='ocrx_word' id='word_1_194' title='bbox 517 3304 594 3387; x_wconf 83' lang='lat' dir='ltr'>vir,</span> <span class='ocrx_word' id='word_1_195' title='bbox 619 3299 771 3395; x_wconf 77' lang='lat' dir='ltr'>destruxi,</span> <span class='ocrx_word' id='word_1_196' title='bbox 799 3324 864 3395; x_wconf 77' lang='lat' dir='ltr'>qua</span> <span class='ocrx_word' id='word_1_197' title='bbox 883 3313 979 3369; x_wconf 81' lang='lat' dir='ltr'>erant</span> <span class='ocrx_word' id='word_1_198' title='bbox 994 3297 1138 3392; x_wconf 81' lang='lat' dir='ltr'>parvuli.</span> <span class='ocrx_word' id='word_1_199' title='bbox 1192 3295 1224 3370; x_wconf 86' lang='lat' dir='ltr'>E</span> 
     </span>
     <span class='ocr_line' id='line_1_28' title="bbox 175 3399 1224 3493; baseline 0.001 -24"><span class='ocrx_word' id='word_1_200' title='bbox 175 3399 306 3472; x_wconf 85' lang='lat' dir='ltr'>iterum</span> <span class='ocrx_word' id='word_1_201' title='bbox 321 3400 405 3472; x_wconf 74' lang='lat' dir='ltr'>alibi</span> <span class='ocrx_word' id='word_1_202' title='bbox 422 3400 526 3470; x_wconf 88' lang='lat' dir='ltr'>dicit:</span> <span class='ocrx_word' id='word_1_203' title='bbox 556 3404 663 3470; x_wconf 79' lang='lat' dir='ltr'>Donec</span> <span class='ocrx_word' id='word_1_204' title='bbox 673 3423 868 3469; x_wconf 83' lang='lat' dir='ltr'>occurramus</span> <span class='ocrx_word' id='word_1_205' title='bbox 884 3422 986 3467; x_wconf 73' lang='lat' dir='ltr'>omaus</span> <span class='ocrx_word' id='word_1_206' title='bbox 1001 3404 1037 3465; x_wconf 85' lang='lat' dir='ltr'>in</span> <span class='ocrx_word' id='word_1_207' title='bbox 1052 3402 1161 3468; x_wconf 83' lang='lat' dir='ltr'>virum</span> <span class='ocrx_word' id='word_1_208' title='bbox 1171 3419 1224 3493; x_wconf 79' lang='lat' dir='ltr'>per</span> 
     </span>
     <span class='ocr_line' id='line_1_29' title="bbox 169 3497 1224 3594; baseline 0.001 -24"><span class='ocrx_word' id='word_1_209' title='bbox 169 3497 313 3592; x_wconf 69' lang='lat' dir='ltr'>setium,</span> <span class='ocrx_word' id='word_1_210' title='bbox 341 3507 377 3567; x_wconf 87' lang='grc' dir='ltr'>ιἰι</span> <span class='ocrx_word' id='word_1_211' title='bbox 410 3501 587 3586; x_wconf 81' lang='lat' dir='ltr'>mensuram</span> <span class='ocrx_word' id='word_1_212' title='bbox 619 3505 722 3568; x_wconf 76' lang='lat' dir='ltr'>alaris</span> <span class='ocrx_word' id='word_1_213' title='bbox 748 3499 959 3592; x_wconf 80' lang='lat' dir='ltr'>plenitudinis</span> <span class='ocrx_word' id='word_1_214' title='bbox 987 3498 1113 3594; x_wconf 77' lang='lat' dir='ltr'>Christi.</span> <span class='ocrx_word' id='word_1_215' title='bbox 1164 3498 1224 3571; x_wconf 85' lang='lat' dir='ltr'>Sci</span> 
     </span>
     <span class='ocr_line' id='line_1_30' title="bbox 175 3596 1224 3686; baseline 0.002 -16"><span class='ocrx_word' id='word_1_216' title='bbox 175 3599 288 3680; x_wconf 78' lang='lat' dir='ltr'>enim,</span> <span class='ocrx_word' id='word_1_217' title='bbox 311 3598 524 3670; x_wconf 88' lang='lat' dir='ltr'>occursuros</span> <span class='ocrx_word' id='word_1_218' title='bbox 541 3597 612 3669; x_wconf 83' lang='lat' dir='ltr'>elle</span> <span class='ocrx_word' id='word_1_219' title='bbox 631 3618 779 3686; x_wconf 89' lang='lat' dir='ltr'>omnes,</span> <span class='ocrx_word' id='word_1_220' title='bbox 799 3598 857 3686; x_wconf 89' lang='lat' dir='ltr'>qui</span> <span class='ocrx_word' id='word_1_221' title='bbox 874 3596 1045 3686; x_wconf 88' lang='lat' dir='ltr'>credunt,</span> <span class='ocrx_word' id='word_1_222' title='bbox 1065 3599 1101 3669; x_wconf 92' lang='lat' dir='ltr'>in</span> <span class='ocrx_word' id='word_1_223' title='bbox 1121 3598 1224 3672; x_wconf 88' lang='lat' dir='ltr'>virun</span> 
     </span>
     <span class='ocr_line' id='line_1_31' title="bbox 172 3695 1224 3791; baseline 0.002 -22"><span class='ocrx_word' id='word_1_224' title='bbox 172 3697 390 3791; x_wconf 67' lang='lat' dir='ltr'>perieulum,</span> <span class='ocrx_word' id='word_1_225' title='bbox 417 3699 503 3770; x_wconf 90' lang='lat' dir='ltr'>&amp;in</span> <span class='ocrx_word' id='word_1_226' title='bbox 521 3695 718 3770; x_wconf 90' lang='lat' dir='ltr'>mensuram</span> <span class='ocrx_word' id='word_1_227' title='bbox 732 3698 844 3769; x_wconf 85' lang='lat' dir='ltr'>aetatis</span> <span class='ocrx_word' id='word_1_228' title='bbox 855 3697 1084 3788; x_wconf 85' lang='lat' dir='ltr'>plenitudinis</span> <span class='ocrx_word' id='word_1_229' title='bbox 1097 3695 1125 3767; x_wconf 88' lang='lat' dir='ltr'>C</span> <span class='ocrx_word' id='word_1_230' title='bbox 1129 3696 1224 3771; x_wconf 75' lang='lat' dir='ltr'>milli</span> 
     </span>
     <span class='ocr_line' id='line_1_32' title="bbox 171 3796 1224 3891; baseline -0.004 -20"><span class='ocrx_word' id='word_1_231' title='bbox 171 3798 285 3891; x_wconf 86' lang='lat' dir='ltr'>Igitur</span> <span class='ocrx_word' id='word_1_232' title='bbox 305 3796 394 3869; x_wconf 90' lang='lat' dir='ltr'>srcut</span> <span class='ocrx_word' id='word_1_233' title='bbox 408 3798 505 3886; x_wconf 82' lang='lat' dir='ltr'>haec,</span> <span class='ocrx_word' id='word_1_234' title='bbox 533 3816 610 3886; x_wconf 84' lang='lat' dir='ltr'>quae</span> <span class='ocrx_word' id='word_1_235' title='bbox 623 3797 916 3886; x_wconf 87' lang='lat' dir='ltr'>memoravimus,</span> <span class='ocrx_word' id='word_1_236' title='bbox 930 3810 1071 3868; x_wconf 86' lang='lat' dir='ltr'>aetatum</span> <span class='ocrx_word' id='word_1_237' title='bbox 1091 3798 1224 3869; x_wconf 74' lang='lat' dir='ltr'>nomin:</span> 
     </span>
     <span class='ocr_line' id='line_1_33' title="bbox 173 3895 1224 3970; baseline 0 0"><span class='ocrx_word' id='word_1_238' title='bbox 173 3896 306 3970; x_wconf 84' lang='lat' dir='ltr'>eisdem</span> <span class='ocrx_word' id='word_1_239' title='bbox 333 3897 522 3969; x_wconf 89' lang='lat' dir='ltr'>vocabulis</span> <span class='ocrx_word' id='word_1_240' title='bbox 546 3895 580 3966; x_wconf 75' lang='grc' dir='ltr'>δι</span> <span class='ocrx_word' id='word_1_241' title='bbox 605 3896 777 3968; x_wconf 85' lang='lat' dir='ltr'>exteriori</span> <span class='ocrx_word' id='word_1_242' title='bbox 803 3896 938 3968; x_wconf 92' lang='lat' dir='ltr'>homini</span> <span class='ocrx_word' id='word_1_243' title='bbox 962 3895 1183 3967; x_wconf 86' lang='lat' dir='ltr'>ascribuntur</span> <span class='ocrx_word' id='word_1_244' title='bbox 1207 3897 1224 3970; x_wconf 82' lang='lat' dir='ltr'>d</span> 
     </span>
     <span class='ocr_line' id='line_1_34' title="bbox 171 3996 1224 4083; baseline -0.001 -14"><span class='ocrx_word' id='word_1_245' title='bbox 171 3997 363 4069; x_wconf 81' lang='lat' dir='ltr'>interiori:</span> <span class='ocrx_word' id='word_1_246' title='bbox 394 4000 443 4068; x_wconf 87' lang='lat' dir='ltr'>ita</span> <span class='ocrx_word' id='word_1_247' title='bbox 467 3996 630 4067; x_wconf 85' lang='lat' dir='ltr'>invenies</span> <span class='ocrx_word' id='word_1_248' title='bbox 654 3997 789 4083; x_wconf 87' lang='lat' dir='ltr'>etiam,</span> <span class='ocrx_word' id='word_1_249' title='bbox 822 3997 1064 4068; x_wconf 88' lang='lat' dir='ltr'>membrorum</span> <span class='ocrx_word' id='word_1_250' title='bbox 1088 3999 1224 4070; x_wconf 91' lang='lat' dir='ltr'>nomim</span> 
     </span>
     <span class='ocr_line' id='line_1_35' title="bbox 173 4093 1224 4187; baseline 0.001 -20"><span class='ocrx_word' id='word_1_251' title='bbox 173 4096 417 4186; x_wconf 87' lang='lat' dir='ltr'>corporalium</span> <span class='ocrx_word' id='word_1_252' title='bbox 430 4093 615 4165; x_wconf 88' lang='lat' dir='ltr'>transferri</span> <span class='ocrx_word' id='word_1_253' title='bbox 633 4096 676 4166; x_wconf 89' lang='lat' dir='ltr'>ad</span> <span class='ocrx_word' id='word_1_254' title='bbox 695 4095 817 4166; x_wconf 84' lang='lat' dir='ltr'>animae</span> <span class='ocrx_word' id='word_1_255' title='bbox 831 4096 1011 4182; x_wconf 84' lang='lat' dir='ltr'>membra,</span> <span class='ocrx_word' id='word_1_256' title='bbox 1038 4093 1097 4166; x_wconf 91' lang='lat' dir='ltr'>scu</span> <span class='ocrx_word' id='word_1_257' title='bbox 1112 4099 1224 4187; x_wconf 84' lang='lat' dir='ltr'>potin</span> 
     </span>
     <span class='ocr_line' id='line_1_36' title="bbox 172 4192 1224 4285; baseline 0 -15"><span class='ocrx_word' id='word_1_258' title='bbox 172 4192 370 4270; x_wconf 76' lang='lat' dir='ltr'>efficientia²</span> <span class='ocrx_word' id='word_1_259' title='bbox 394 4197 469 4268; x_wconf 84' lang='lat' dir='ltr'>haec</span> <span class='ocrx_word' id='word_1_260' title='bbox 485 4195 608 4268; x_wconf 85' lang='lat' dir='ltr'>animae</span> <span class='ocrx_word' id='word_1_261' title='bbox 631 4193 849 4285; x_wconf 74' lang='lat' dir='ltr'>affettusque</span> <span class='ocrx_word' id='word_1_262' title='bbox 872 4194 1051 4267; x_wconf 88' lang='lat' dir='ltr'>dicendi</span> <span class='ocrx_word' id='word_1_263' title='bbox 1031 4210 1127 4268; x_wconf 84' lang='lat' dir='ltr'>runt.</span> <span class='ocrx_word' id='word_1_264' title='bbox 1174 4197 1224 4270; x_wconf 91' lang='lat' dir='ltr'>Di</span> 
     </span>
     <span class='ocr_line' id='line_1_37' title="bbox 172 4291 1224 4432; baseline -0.002 -64"><span class='ocrx_word' id='word_1_265' title='bbox 172 4295 266 4432; x_wconf 75' lang='lat' dir='ltr'>citur</span> <span class='ocrx_word' id='word_1_266' title='bbox 281 4315 369 4393; x_wconf 82' lang='lat' dir='ltr'>ergo</span> <span class='ocrx_word' id='word_1_267' title='bbox 387 4295 424 4369; x_wconf 91' lang='lat' dir='ltr'>in</span> <span class='ocrx_word' id='word_1_268' title='bbox 442 4291 673 4368; x_wconf 75' lang='lat' dir='ltr'>Ecclesiaste.</span> <span class='ocrx_word' id='word_1_269' title='bbox 707 4297 869 4393; x_wconf 76' lang='lat' dir='ltr'>Sapientis</span> <span class='ocrx_word' id='word_1_270' title='bbox 885 4293 1000 4366; x_wconf 80' lang='lat' dir='ltr'>arabi</span> <span class='ocrx_word' id='word_1_271' title='bbox 988 4319 1025 4367; x_wconf 88' lang='lat' dir='ltr'>m</span> <span class='ocrx_word' id='word_1_272' title='bbox 1038 4303 1189 4393; x_wconf 64' lang='lat' dir='ltr'>capite)</span> <span class='ocrx_word' id='word_1_273' title='bbox 1160 4323 1224 4366; x_wconf 79' lang='lat' dir='ltr'>aas</span> 
     </span>
     <span class='ocr_line' id='line_1_38' title="bbox 136 4395 1185 4471; baseline 0 0"><span class='ocrx_word' id='word_1_274' title='bbox 136 4419 169 4430; x_wconf 59' lang='lat'>⁴·</span> <span class='ocrx_word' id='word_1_275' title='bbox 1091 4395 1185 4471; x_wconf 87' lang='lat' dir='ltr'>ltem</span> 
     </span>
    </p>
   </div>
   <div class='ocr_carea' id='block_1_3' title="bbox 0 0 1372 4859">
    <p class='ocr_par' dir='ltr' id='par_1_3' title="bbox 0 0 1372 4859">
     <span class='ocr_line' id='line_1_39' title="bbox 0 0 1372 4859; baseline 0 0"><span class='ocrx_word' id='word_1_276' title='bbox 0 0 1372 4859; x_wconf 95' lang='lat' dir='ltr'> </span> 
     </span>
    </p>
   </div>
  </div>
 </body>
</html>
