2734 4859
174 581 225 662 ,ο
288 495 529 638 ornatos
553 513 910 680 rucauncum
934 548 1138 676 cnunc.

175 742 220 796 ea
234 739 333 794 nunc
349 719 455 794 nobis
472 715 663 813 prosequi,
678 716 772 792 aliud
788 717 825 791 in
840 717 1002 792 manibus
1021 717 1238 812 habentibut

174 821 328 916 longum
350 818 411 894 est.
467 817 504 890 Si
529 821 606 910 quis
630 841 718 916 ergo
744 817 895 913 primurn
915 821 1038 892 locum
1059 818 1098 892 in
1120 841 1238 896 emen·

176 920 491 1009 dandismoribus,
516 919 762 1010 mandatisque
774 915 974 1011 servandis,
1001 919 1060 1012 qui
1073 939 1139 1014 per
1155 939 1238 1016 pro·

175 1021 305 1095 verbia
325 1020 547 1118 designatur,
571 1021 756 1115 implevit:
784 1015 954 1111 posthaec
979 1033 1099 1093 autem
1113 1019 1238 1112 depre-

175 1118 285 1200 hensa
301 1123 461 1194 vanitate
476 1119 617 1210 mundi,
644 1120 810 1193 &rerum
823 1118 1035 1193 caducarum
1047 1117 1238 1216 fragilitate

175 1219 385 1316 perspecta,
419 1222 522 1293 venit
543 1221 581 1294 in
601 1223 704 1310 hoc,
735 1233 777 1290 ut
803 1222 993 1294 renunciet
1013 1218 1174 1298 mundo,
1205 1219 1238 1294 dt

176 1323 366 1414 omnibus,
390 1341 469 1414 quae
484 1323 521 1395 in
540 1321 676 1396 mundo
696 1318 799 1393 sunt:
835 1316 1096 1412 consequenter
1114 1319 1238 1412 veniet

175 1421 284 1494 etiam
304 1421 348 1494 ad
366 1419 698 1516 contemplanda&
718 1419 1031 1509 desiderandam,
1059 1439 1138 1511 quae
1161 1439 1238 1496 non

173 1521 367 1602 videntur,
393 1519 574 1596 &aeterna
593 1518 685 1596 sunt.
736 1517 798 1594 Ad
819 1541 896 1612 quae
914 1534 1033 1593 tamen
1054 1529 1097 1592 ut
1110 1539 1238 1612 perve·

173 1620 252 1694 nire
271 1620 462 1715 poffimus‚
487 1621 684 1718 indigemus
701 1619 823 1694 divina
835 1618 1097 1714 misericordia,
1122 1617 1238 1694 srfor·

174 1735 214 1796 te
226 1723 421 1814 valeamus,
435 1719 619 1817 perspecta
638 1719 1029 1815 pulchritudlmverbi
1049 1719 1136 1812 Dei,
1152 1716 1238 1792 salu·

174 1822 245 1896 tari
261 1820 298 1894 in
316 1841 398 1896 eum
409 1840 531 1896 amore
548 1820 735 1914 succendi,
760 1834 803 1893 ut
821 1820 854 1894 dr
873 1817 946 1913 ipse
960 1820 1148 1918 dignetur,
1175 1817 1238 1892 hu·

170 1919 330 2016 jusmodi
349 1921 501 1998 animam
522 1921 694 2019 diligere,
721 1939 826 2012 quarn
840 1919 1050 1995 desiderium
1065 1918 1114 1993 sui
1131 1921 1238 1994 habe·

173 2040 214 2095 re
235 2019 426 2118 perspexit.
476 2021 562 2096 Post
574 2021 651 2096 hac
671 2020 782 2117 exigit
805 2040 874 2094 nos
895 2017 1153 2114 consequentia
1169 2015 1238 2092 ser,

171 2119 316 2213 monis,
341 2120 462 2196 dicere
485 2120 593 2196 etiam
615 2121 660 2196 de
679 2117 979 2216 superscriptione
1001 2118 1075 2218 ipsa
1095 2117 1238 2192 Cantici

173 2217 422 2296 Canticorum.
470 2217 593 2296 Simile
616 2221 712 2295 enim
738 2218 791 2293 est
809 2221 882 2295 hoc
903 2223 994 2314 illis,
1031 2240 1109 2313 quae
1129 2219 1169 2292 in
1188 2231 1238 2294 ta·

170 2317 371 2396 bernaculo
403 2317 599 2395 testimonii
627 2322 852 2414 appellantur
877 2317 990 2393 sanila
1006 2311 1238 2412 sanctorum,

172 2417 315 2509 uillis,
341 2439 419 2509 quae
431 2419 469 2493 in
486 2420 581 2493 libro
603 2419 849 2494 Numerorum
864 2433 1110 2495 memorantur
1123 2437 1238 2511 opera

172 2538 346 2612 operum,
373 2540 522 2612 quaeque
537 2522 629 2615 apud
649 2520 796 2593 Paulum
814 2521 982 2592 dicuntur
997 2519 1120 2592 incula
1134 2516 1238 2594 saecu·

170 2622 304 2693 lorum.
355 2617 425 2690 Sed
447 2622 634 2710 quomodo
655 2620 823 2694 differant
844 2643 862 2692 a
886 2618 1009 2693 santtis
1034 2617 1148 2692 sanita
1168 2616 1238 2692 san·

172 2716 313 2792 storum
340 2717 378 2790 in
404 2715 562 2811 Exodo,
591 2721 625 2792 δι
651 2720 840 2813 quomodo
864 2717 1033 2792 differant
1062 2738 1175 2811 opera
1192 2717 1236 2792 ab

172 2819 344 2911 operibus
368 2839 520 2910 operum
542 2821 578 2892 in
594 2819 840 2894 Numerorum
860 2819 978 2911 libro,
1006 2817 1236 2912 trattatibus,

171 2930 286 3013 prout
303 2919 511 3012 potuimus,
538 2918 668 2993 ditium
687 2918 739 2992 est
756 2942 775 2990 a
795 2919 914 2993 nobis.
965 2918 1035 2991 Sed
1056 2917 1089 2991 ἃ
1113 2918 1158 2991 de
1180 2915 1238 2992 sae·

171 3020 258 3090 culo
278 3015 488 3091 seculorum
506 3021 543 3091 in
559 3021 673 3110 locis,
700 3020 827 3110 quibus
848 3022 1031 3109 occurrit,
1047 3015 1238 3091 nonomis·

170 3116 245 3192 sum
263 3116 336 3210 est,
362 3116 453 3190 &ne
463 3118 587 3193 eadem
598 3133 821 3210 repetamus,
849 3117 1100 3192 illasufliciant.
1126 3116 1238 3190 Nunc

172 3237 261 3312 ergo
282 3218 503 3307 requiramus
525 3218 674 3310 primo,
702 3240 778 3309 quae
799 3218 866 3290 fint
890 3219 1055 3301 cantica,
1082 3235 1238 3308 quorum

172 3321 398 3390 canticorum
420 3317 494 3398 huc
518 3317 588 3390 elle
610 3320 789 3390 canticum
808 3318 949 3390 dicitur.
999 3317 1094 3389 Puto
1120 3336 1237 3416 ergo,

171 3415 272 3508 quud
286 3417 426 3488 cantica
442 3417 509 3490 sint
524 3419 605 3509 illa,
622 3438 699 3509 quae
713 3417 845 3490 dudum
859 3438 922 3511 per
938 3417 1159 3510 prophetas,
1176 3419 1238 3492 vel

169 3535 237 3612 per
257 3518 405 3610 angelos
430 3518 662 3592 canebantur.
722 3516 800 3588 Lex
825 3519 920 3589 enim
943 3516 1074 3589 dicitur
1095 3537 1161 3610 per
1182 3538 1238 3590 an·

171 3616 275 3713 gelos
286 3614 479 3688 ministrata
492 3618 528 3688 in
542 3638 648 3689 manu
663 3615 882 3689 mediatoris.
922 3615 987 3688 Illa
1001 3638 1087 3713 ergo
1104 3619 1238 3712 omnia,

141 3761 146 3778 ,
171 3737 251 3809 quae
265 3735 329 3806 per
345 3716 427 3787 illos
447 3718 775 3808 annunciabantur‚
801 3716 940 3788 candeo
956 3732 1057 3789 erant
1076 3738 1140 3809 per
1159 3717 1238 3792 arni·

172 3835 239 3888 cos
263 3813 377 3907 sponsi
400 3818 651 3908 precedentia.
703 3815 796 3888 Istud
819 3835 911 3889 vero
930 3837 1040 3904 unum
1059 3818 1238 3893 canticum

171 3914 248 4005 est,
275 3915 374 4005 quod
387 3915 448 4008 ipsi
459 3917 531 4007 jam
549 3914 699 4009 sponso,
717 3913 877 4009 sponsam
900 3911 993 3988 suam
1010 3915 1238 4011 susceptum,

172 4016 387 4108 epithalamii
405 4014 519 4110 specie
540 4029 617 4089 erat
632 4015 850 4089 canendum:
877 4015 913 4087 in
929 4037 1001 4105 quo
1018 4013 1143 4110 sponsa
1163 4040 1238 4093 non

172 4116 290 4190 adhuc
313 4136 376 4211 per
394 4118 528 4191 amicos
547 4114 662 4206 sponsi
684 4117 820 4190 cantari
847 4115 907 4188 sibi
930 4119 1033 4208 vult,
1060 4116 1119 4190 sed
1137 4117 1238 4210 ipsus

109 4309 114 4316 Ι
141 4217 241 4310 κῆαι]
258 4215 380 4316 sponsi
400 4217 582 4315 presentis
601 4217 724 4292 audire
746 4218 859 4304 verba
881 4215 1074 4310 desiderat,
1102 4217 1238 4292 dicens:

104 4333 200 4431 ι,
241 4383 245 4392 .
649 4379 652 4384 .
698 4403 704 4410 ,
1066 4319 1192 4409 oscule-
