2734 4859
85 182 1236 431 .-

215 599 620 723 emorrannum
644 559 1075 696 cananaeorum
1129 618 1202 714 aa,

139 781 199 846 tet
213 767 394 863 pendent,
419 770 509 867 clipei
526 770 689 862 quidem,
714 769 850 845 credita
868 766 1037 850 videlicet
1052 774 1198 873 dogma·

141 882 202 959 ta,
227 868 504 962 quae·apostolus
523 868 741 967 singulariter
750 875 874 961 laum
885 876 964 964 fidei
976 874 1193 971 appellarim

136 969 246 1070 junia
262 987 355 1041 vero
367 974 566 1065 potentium,
596 970 624 1042 ii
641 971 803 1045 nimitum
824 970 1023 1067 sermones,
1053 975 1113 1066 qui
1135 975 1190 1048 ad·

136 1068 358 1142 versantium
378 1069 522 1141 veritati
543 1066 744 1144 sermonum
758 1070 1045 1164 probabilitatem
1062 1089 1195 1167 poten·¹
1235 1133 1241 1140 .

142 1181 200 1240 ter
216 1181 401 1241 evertunt.
449 1166 521 1240 Pro
534 1170 762 1265 propugnacula
776 1170 898 1260 quinta
913 1172 1024 1246 editio
1039 1171 1193 1247 reddidit

141 1269 314 1346 mara,
336 1263 467 1339 sensum
485 1269 627 1360 potius,
653 1289 755 1359 quam
774 1266 962 1344 didionem
981 1272 1192 1364 interpreta-

140 1377 189 1441 ta-
240 1364 317 1439 Nin
337 1365 430 1439 enim
445 1368 540 1458 ptius
563 1368 716 1460 reposita
732 1369 894 1442 mandata
909 1369 996 1462 srnt,
1023 1366 1099 1443 fieti
1113 1392 1191 1451 non

138 1462 281 1561 potest,
306 1476 348 1536 ut
367 1485 454 1537 vera
477 1464 620 1538 scientia
642 1467 851 1543 exstruatur.

178 1629 181 1636 .
219 1568 297 1637 Date
318 1565 412 1635 ubera
433 1581 488 1635 tua
503 1568 585 1657 ficut
605 1569 662 1636 duo
686 1567 830 1639 hinnuli.
879 1566 986 1640 Mens
1004 1566 1054 1640 est
1072 1589 1191 1660 quem·
1265 1573 1270 1586 “

140 1661 333 1738 admodum
346 1664 383 1737 in
397 1661 521 1756 sponsa
536 1668 660 1754 ubera,
687 1666 722 1740 id
738 1668 800 1747 est,
827 1667 880 1738 vis
896 1665 1189 1759 perspicacissima.

137 1760 284 1836 Idcirco
306 1761 500 1838 affimiiavit
522 1764 662 1838 duobus
683 1767 836 1838 hinnulis
853 1787 1006 1856 caureae,
1033 1769 1091 1857 qui
1116 1765 1189 1859 pas·
1214 1825 1216 1832 .

139 1877 268 1935 cantur
289 1861 326 1934 in
348 1863 439 1935 locis
459 1861 595 1935 floridis
614 1864 647 1936 dt
663 1862 1027 1960 suavefragrdntibus,
1061 1863 1189 1961 signifi·

138 1962 317 2050 canajtum
336 1982 396 2042 ea,
422 1983 498 2051 quae
516 1978 635 2035 mente
650 1964 909 2059 intelliguntur,
934 1978 1009 2037 tum
1025 1984 1101 2053 quae
1115 1964 1190 2036 sen-

136 2059 441 2157 supercipiuntur.
479 2061 759 2138 Hinnulosvero
770 2063 986 2160 appellavit,
1003 2066 1081 2154 quia
1093 2073 1188 2152 nun'c

136 2176 291 2254 exparte
313 2162 521 2252 cognoscimus.
570 2159 660 2236 Cum
681 2177 799 2236 autem
821 2158 899 2234 finis
914 2167 1074 2253 venerit,
1100 2178 1188 2236 tunc

133 2257 322 2334 infantiam
343 2260 610 2333 evacuabimus:
637 2262 779 2351 quando
796 2263 879 2332 vitae
897 2258 1073 2353 praesentis
1088 2260 1188 2335 aestus

137 2357 348 2449 cessaverit,
374 2379 416 2430 ac
432 2359 604 2455 refrigerii
619 2373 758 2452 tempus
773 2362 971 2452 advenerit,
999 2360 1112 2432 soluta
1124 2363 1189 2462 eti·

137 2479 194 2532 am
215 2458 357 2532 umbra:
382 2478 461 2530 nam
476 2458 624 2550 presens
636 2461 712 2531 vita
724 2460 848 2532 umbra
861 2458 921 2534 esa
974 2458 1189 2536 Tuncenim

137 2555 232 2649 quasi
253 2556 424 2650 persedi,
452 2557 577 2630 &non
594 2572 634 2628 ut
655 2559 791 2631 hinnuli
808 2556 998 2650 pascemur.

213 2656 257 2729 In
286 2680 348 2726 ttna
369 2674 475 2753 torque
495 2660 561 2726 cosi
579 2663 652 2729 tui.-
690 2655 823 2746 ἔνθεμα
844 2680 953 2730 exeo
978 2655 1087 2729 didius
1112 2672 1187 2728 tot-

136 2776 247 2848 quea,
270 2754 372 2847 quod
390 2752 520 2848 sponsae
535 2757 633 2828 coilo
648 2755 830 2829 inseratur.
883 2756 993 2852 Quod
1013 2755 1033 2827 sr
1054 2753 1187 2848 sponsae

133 2856 670 2948 uberautduohinnulicapreae
683 2854 892 2945 mansissent,
919 2855 1188 2945 haudquaquam

136 2956 183 3029 de
210 2954 380 3028 facultate
408 2956 535 3028 mentis
562 2977 643 3046 prae¹
662 2955 894 3026 admiratione
920 2954 1047 3025 ditium
1082 2950 1185 3025 esset:
1227 3001 1233 3010 -

136 3058 248 3148 Quam
258 3055 389 3148 pulchra
397 3052 490 3145 fossa
501 3051 601 3142 sant!
627 3052 696 3125 Sed
712 3053 745 3125 dt
766 3055 896 3145 duplex
911 3052 1094 3125 admiratio
1110 3053 1188 3143 pul·

136 3152 741 3250 chritudinisaugmentumindicat:
769 3153 966 3243 cujusmodi
983 3150 1124 3223 estitlud
1138 3149 1187 3223 se·

137 3251 417 3326 cundodisrum:
446 3252 668 3349 Coroistuu'fii.
720 3248 1187 3343 Sponsaeautemvestimnn·

135 3367 174 3424 ta
193 3352 217 3423 ii
239 3349 339 3441 sunt,
365 3352 423 3442 qui
450 3353 606 3447 Chriflmn
624 3349 735 3448 Jesum
749 3356 942 3433 induerunt,
967 3352 1084 3436 videro
1100 3349 1186 3436 mise·

137 3454 288 3537 ascondita,
313 3450 544 3543 benignitatem,
570 3451 608 3526 (Ἰ
620 3455 721 3521 animi
732 3451 909 3545 modestiam.
958 3448 1185 3540 LabiaverO,

136 3549 326 3637 doctorem
361 3548 433 3622 savi
457 3552 591 3641 meilis,
626 3550 712 3621 boni
734 3547 925 3622 sermones.
975 3548 1186 3621 Favumau-
1264 3581 1269 3592 ·

138 3665 210 3725 tem
224 3649 258 3721 dt
273 3650 366 3741 mel,
392 3648 629 3741 prophetae&
645 3647 796 3741 apostoli
820 3649 958 3741 operati
980 3645 1069 3722 sunt.

211 3746 261 3821 Et
281 3750 353 3820 odor
369 3742 625 3835 vestimentorum
640 3763 766 3819 tuorum
781 3748 862 3838 ficut
884 3750 955 3818 odor
976 3747 1095 3817 theria.
1145 3741 1187 3818 ld

137 3846 210 3939 cst,
236 3861 364 3920 ornata
379 3869 417 3920 es
433 3845 775 3942 suavesragtantibus
794 3846 985 3941 theologiae
1001 3844 1187 3918 vestimen·

137 3949 206 4021 tia:
243 3946 341 4037 quod
361 3946 524 4020 nimirum
545 3968 620 4020 non
639 3944 825 4018 uniformia
848 3946 1001 4018 uniusve
1025 3945 1121 4018 modi
1143 3942 1187 4017 sit
1218 3940 1225 3957 “

135 4047 286 4119 virtutis
306 4043 480 4119 institutio
508 4067 548 4117 ac
572 4043 761 4136 disciplina.
811 4044 880 4117 Sed
901 4044 989 4117 srcut
1013 4044 1048 4115 in
1075 4042 1185 4115 textis
1278 4042 1280 4048 ’

134 4144 264 4240 paonis
282 4165 324 4216 er
339 4147 445 4217 variis
460 4147 539 4217 telis
556 4147 710 4228 textrina
729 4164 784 4215 ars
802 4142 936 4216 vestem
949 4138 1113 4231 conficit,
1139 4140 1187 4213 stc
1243 4149 1245 4154 '

137 4246 177 4319 in
194 4245 269 4317 vita
286 4244 420 4320 virtute
432 4242 729 4416 instituta,Rpiura
747 4255 963 4320 concurrant
972 4235 1108 4417 necesse
1120 4238 1187 4336 est,

654 4362 680 4435 4
1015 4359 1081 4439 ‘im
1101 4358 1159 4417 W
