2734 4859
390 588 999 708 Hourtroxru‘
1116 651 1189 732 557
1268 635 1272 660 ⁴

131 789 211 873 stris
239 791 433 890 justitiam,
467 791 729 882 veritatemque
766 807 925 886 regnare.
1026 792 1189 867 uomodo

132 895 241 992 igitur
257 894 365 991 magis
387 894 447 966 illa
469 893 694 964 conveniunt
715 885 855 966 Christo
877 909 980 980 quarn
988 790 1189 986 (sermio,

134 996 207 1088 fic,
233 995 417 1086 arbitror,
444 991 478 1064 &
502 990 567 1063 alia
585 991 713 1082 plura,
740 987 892 1080 isthuc,
925 1008 1001 1082 quae
1022 1011 1117 1066 nunc
1138 991 1188 1064 di·

137 1107 288 1187 cuntur,
314 1093 356 1164 ad
377 1089 575 1184 Dominum
598 1087 677 1161 suot
695 1084 912 1164 reserenda..

180 1187 195 1224 ·’
211 1196 243 1268 6.
271 1189 318 1263 Et
339 1193 453 1285 primo
476 1189 617 1282 quidem
639 1187 832 1259 videndum
847 1185 919 1280 est,
945 1205 990 1260 an
1010 1187 1113 1282 possit
1129 1189 1189 1283 id,

136 1293 233 1384 quod
257 1293 522 1386 incongruum,
562 1285 859 1380 &blasphemum
880 1285 1025 1360 videtur
1048 1287 1137 1382 esse,
1162 1290 1188 1366 t

134 1389 309 1464 reseratur
324 1390 367 1462 ad
385 1387 599 1478 Dominum,
624 1384 745 1460 idest:
774 1389 850 1457 Hor
864 1387 946 1456 milri
966 1405 1087 1475 morer,
1112 1390 1189 1462 Sai-
1274 1453 1286 1482 ,

133 1505 245 1563 vetor
260 1487 381 1562 noster
395 1487 513 1560 dicere
526 1485 690 1560 miserans
709 1485 809 1561 aiios.
848 1483 907 1558 Ad
924 1487 1021 1578 quod
1034 1488 1190 1581 proban·-

135 1589 220 1663 dum
240 1587 436 1662 exhibendo
455 1586 532 1659 sunt
549 1585 749 1658 testimonia
764 1605 778 1676 ·,
804 1605 880 1675 quae
898 1585 1083 1660 'moriseste
1100 1588 1190 1663 nulii

135 1689 195 1762 alii
212 1703 293 1781 apta
309 1687 374 1760 sint
394 1685 456 1759 nist
475 1686 678 1758 Salvatori:
704 1684 890 1776 quomodo
911 1686 1035 1758 videns
1055 1685 1190 1779 jeroso

133 1789 207 1864 lem
225 1786 369 1860 fleverit
387 1785 487 1880 super
505 1807 602 1878 eam,
628 1787 710 1878 quia
727 1784 871 1855 dixerit:
901 1787 1096 1881 Jerusalem,
1127 1790 1203 1882 Jee

135 1888 298 1980 rusolem,
322 1909 389 1986 qua
407 1887 516 1957 occidis
532 1885 724 1982 prophotas,
750 1882 788 1958 ss
803 1885 921 1978 lapidoo
939 1906 1005 1971 eos,
1030 1889 1087 1983 qui
1103 1890 1143 1957 'od
1155 1901 1189 1957 re

134 1983 327 2077 miffisurrt,
353 1990 469 2084 quoties
487 1987 579 2056 volui
589 1979 861 2076 congregorc'fiir'os
875 1985 966 2078 suos,
992 1980 1189 2076 &reliqum

134 2085 309 2158 Necnon
325 2085 358 2158 &
374 2086 456 2179 ilia,
484 2105 560 2176 quae
575 2081 793 2158 manifestea
808 2079 1189 2158 Salvatoredicuntur:
1212 2073 1216 2084 ¹

138 2189 212 2256 Heu
229 2189 329 2273 misti,
354 2179 621 2283 qoooiomfosius
634 2183 728 2273 som,¹
745 2182 829 2277 ficut
840 2184 1028 2279 qiri'cosigir
1037 2184 1190 2280 Jir'prriom

135 2289 173 2354 irr
193 2283 305 2377 moise,
331 2284 369 2360 (5
384 2285 468 2382 ficut
483 2307 615 2356 roremor
633 2289 670 2352 io
684 2284 866 2370 vindemio,
890 2303 959 2353 curn
976 2307 1042 2352 nort
1056 2284 1189 2379 superfit

134 2384 242 2455 botrus
261 2380 307 2456 ors
325 2384 577 2456 manducandum
600 2407 671 2456 orvae
693 2380 873 2480 prr‘mr'tr‘vo.
927 2386 1002 2453 Herc
1018 2384 1099 2453 ortis·
1117 2387 1190 2454 σπι·-

134 2509 212 2572 mo,
238 2489 312 2581 quio
330 2489 432 2582 periit
455 2507 602 2556 revermr
620 2499 785 2575 otcrro,¹
798 2475 838 2556 ss
861 2485 917 2579 qui
937 2487 1071 2576 corrigar
1098 2487 1188 2556 inter

131 2585 274 2655 homines
289 2608 352 2654 uon
374 2585 421 2681 est
473 2589 586 2655 Omnes
607 2585 812 2677 insanguine
825 2583 1026 2679 judicemur.
1072 2583 1190 2658 Venit

134 2683 248 2772 enirn,
275 2697 315 2754 ut
339 2698 494 2757 meteret
511 2683 665 2762 fruitus,
689 2680 832 2772 &quasi
856 2680 981 2773 stipula
1005 2684 1042 2754 in
1068 2680 1189 2779 segete

131 2794 277 2878 reperta
292 2798 444 2875 propter
459 2783 628 2876 plurimos
648 2787 882 2874 peccatores,
908 2781 974 2852 ait:
1003 2786 1076 2854 Heu
1092 2783 1187 2871 milri,

133 2888 281 2979 quoniam
299 2882 412 2973 soiius
426 2884 525 2976 firm,
556 2880 637 2977 ficret
653 2888 710 2979 qui
730 2881 843 2975 cosigir
861 2882 1010 2977 Jir'puirm
1030 2888 1065 2950 in
1087 2881 1187 2973 meffe.

130 2983 249 3056 Venit
274 2982 492 3056 vindemiare
516 2981 647 3055 botros
673 3001 753 3053 uvae
777 2979 815 3051 in
839 2979 1067 3074 hominibus,
1093 2980 1126 3053 δι
1148 2982 1188 3057 in

131 3080 241 3156 messe
264 3079 453 3153 sceleribus
477 3082 661 3159 inventis,
697 3080 803 3150 dicit:
831 3079 879 3151 Er
891 3075 971 3168 ficut
993 3103 1124 3151 racemo
1149 3084 1187 3152 in

132 3183 314 3270 vindemio,
350 3207 418 3253 cum
435 3207 501 3251 rron
520 3181 644 3276 superfit
665 3180 773 3249 botros
792 3203 860 3247 uva
878 3179 918 3249 od
941 3181 1188 3251 manducantur·

126 3285 310 3377 primirr'oo.
360 3278 400 3352 In
416 3281 487 3354 aiio
505 3301 650 3372 quoque
671 3281 758 3351 loco
775 3277 894 3350 similia
910 3279 964 3351 his
983 3279 1024 3352 od
1046 3295 1188 3373 patrem

131 3380 291 3473 loquitur
304 3427 315 3459 ,
342 3379 490 3452 dicens:
517 3383 600 3472 Qua
619 3381 747 3450 utilitas
772 3383 809 3447 r'rt
825 3380 983 3472 fimguirre
1001 3404 1085 3467 meo,
1110 3382 1187 3451 dun

130 3481 271 3570 descendo
289 3487 326 3549 r'rr
345 3483 602 3574 corruptionem?
639 3478 735 3578 Quid
757 3489 951 3573 tantopere
978 3479 1184 3570 hominibus

131 3580 271 3675 profui,
296 3580 357 3670 qui
376 3581 496 3652 necin
515 3577 681 3674 sanguine
696 3597 800 3657 meo,
827 3597 932 3668 quern
948 3576 1022 3650 sudi
1038 3599 1106 3672 pro
1118 3599 1186 3653 eo·

128 3699 207 3752 rum
231 3677 370 3770 salute,
395 3676 660 3770 profecerunt?
692 3679 782 3777 Quru
805 3677 944 3748 utiliter
961 3679 996 3750 in
1020 3677 1187 3776 sanguine

129 3797 238 3870 meo,
256 3780 337 3852 dum
353 3776 530 3851 descendo
546 3779 589 3849 de
604 3777 722 3866 coeiis,
750 3777 832 3849 dum
856 3779 966 3848 venio
982 3779 1019 3851 in
1037 3791 1184 3860 terrani,

131 3877 216 3950 dum
238 3876 463 3952 contumeliis
482 3874 657 3954 assessor,
684 3877 766 3949 dum
781 3887 892 3969 porto
911 3898 1042 3969 corpus
1065 3878 1187 3952 huma·

130 3973 246 4049 num?
276 3977 373 4071 Quid
389 3977 442 4050 his
463 3977 626 4050 omnibus
650 3975 792 4070 dignum
809 3978 903 4047 inter
925 3977 1088 4050 homines
1105 3973 1192 4069 per-⁴

129 4084 309 4171 petratum
326 4074 402 4148 est?
428 4078 509 4168 Qut
522 4077 699 4146 ntrlr'tosin
711 4077 865 4166 sauguine
875 4097 958 4162 meo3
983 4079 1186 4164 dumdcscm.

130 4177 169 4245 do
194 4179 232 4242 in
262 4169 518 4272 corruptionem?
554 4177 724 4270 Numquid
754 4175 947 4262 confitebitur
975 4176 1036 4245 tibi
1052 4179 1183 4271 privis,
1269 4167 1272 4184 '

129 4291 188 4350 our
208 4275 421 4350 annunciabit
439 4280 609 4354 veritatem
623 4268 738 4355 roaros
761 4271 853 4349 Tale
877 4293 962 4373 ergo
986 4274 1054 4369 est,
1083 4275 1183 4386 quod

1107 4391 1161 4449 ux
