<?xml version="1.0" encoding="UTF-8"?>
<!DOCTYPE html PUBLIC "-//W3C//DTD XHTML 1.0 Transitional//EN"
    "http://www.w3.org/TR/xhtml1/DTD/xhtml1-transitional.dtd">
<html xmlns="http://www.w3.org/1999/xhtml" xml:lang="en" lang="en">
 <head>
  <title>
</title>
<meta http-equiv="Content-Type" content="text/html;charset=utf-8" />
  <meta name='ocr-system' content='tesseract 3.04.00' />
  <meta name='ocr-capabilities' content='ocr_page ocr_carea ocr_par ocr_line ocrx_word'/>
</head>
<body>
  <div class='ocr_page' id='page_1' title='image "./operaomniasanct06unkngoog_0101.png"; bbox 0 0 2734 4859; ppageno 0'>
   <div class='ocr_carea' id='block_1_1' title="bbox 141 573 1100 858">
    <p class='ocr_par' dir='ltr' id='par_1_1' title="bbox 141 573 1100 858">
     <span class='ocr_line' id='line_1_1' title="bbox 328 573 1099 692; baseline 0.021 -22"><span class='ocrx_word' id='word_1_1' title='bbox 328 586 793 677; x_wconf 72' lang='lat' dir='ltr'>enctocus.</span> <span class='ocrx_word' id='word_1_2' title='bbox 949 573 952 580; x_wconf 81' lang='grc'><strong>’</strong></span> <span class='ocrx_word' id='word_1_3' title='bbox 1053 616 1099 692; x_wconf 75' lang='lat'>81</span> 
     </span>
     <span class='ocr_line' id='line_1_2' title="bbox 141 749 1100 858; baseline 0.011 -26"><span class='ocrx_word' id='word_1_4' title='bbox 141 767 203 832; x_wconf 87' lang='lat' dir='ltr'>tut</span> <span class='ocrx_word' id='word_1_5' title='bbox 218 749 417 832; x_wconf 83' lang='lat' dir='ltr'>confirmet</span> <span class='ocrx_word' id='word_1_6' title='bbox 433 756 591 831; x_wconf 81' lang='lat' dir='ltr'>salvator</span> <span class='ocrx_word' id='word_1_7' title='bbox 606 759 643 834; x_wconf 90' lang='lat' dir='ltr'>in</span> <span class='ocrx_word' id='word_1_8' title='bbox 658 761 868 858; x_wconf 74' lang='lat' dir='ltr'>evangeliis.</span> <span class='ocrx_word' id='word_1_9' title='bbox 894 762 965 840; x_wconf 88' lang='lat' dir='ltr'>Sed</span> <span class='ocrx_word' id='word_1_10' title='bbox 980 766 1014 841; x_wconf 75' lang='lat' dir='ltr'>u</span> <span class='ocrx_word' id='word_1_11' title='bbox 1030 789 1100 843; x_wconf 76' lang='grc' dir='ltr'>οω-</span> 
     </span>
    </p>
   </div>
   <div class='ocr_carea' id='block_1_2' title="bbox 140 856 1184 4447">
    <p class='ocr_par' dir='ltr' id='par_1_2' title="bbox 140 856 1184 4447">
     <span class='ocr_line' id='line_1_3' title="bbox 149 856 1096 963; baseline 0.011 -32"><span class='ocrx_word' id='word_1_12' title='bbox 149 859 316 932; x_wconf 74' lang='lat' dir='ltr'>virtutes</span> <span class='ocrx_word' id='word_1_13' title='bbox 340 856 404 932; x_wconf 86' lang='lat' dir='ltr'>sub</span> <span class='ocrx_word' id='word_1_14' title='bbox 431 857 506 931; x_wconf 91' lang='lat' dir='ltr'>hoc</span> <span class='ocrx_word' id='word_1_15' title='bbox 530 861 679 934; x_wconf 81' lang='lat' dir='ltr'>nomine</span> <span class='ocrx_word' id='word_1_16' title='bbox 705 862 874 955; x_wconf 77' lang='lat' dir='ltr'>appellari</span> <span class='ocrx_word' id='word_1_17' title='bbox 902 867 1096 963; x_wconf 88' lang='lat' dir='ltr'>videntur,</span> 
     </span>
     <span class='ocr_line' id='line_1_4' title="bbox 141 959 1097 1056; baseline 0.01 -25"><span class='ocrx_word' id='word_1_18' title='bbox 141 959 286 1032; x_wconf 72' lang='lat' dir='ltr'>icitur:</span> <span class='ocrx_word' id='word_1_19' title='bbox 314 961 404 1033; x_wconf 75' lang='lat' dir='ltr'>Deus</span> <span class='ocrx_word' id='word_1_20' title='bbox 417 961 512 1056; x_wconf 73' lang='lat' dir='ltr'>fierit</span> <span class='ocrx_word' id='word_1_21' title='bbox 528 964 566 1028; x_wconf 85' lang='lat' dir='ltr'>in</span> <span class='ocrx_word' id='word_1_22' title='bbox 584 959 741 1054; x_wconf 72' lang='lat' dir='ltr'>synagoga</span> <span class='ocrx_word' id='word_1_23' title='bbox 768 963 909 1052; x_wconf 79' lang='lat' dir='ltr'>deorum,</span> <span class='ocrx_word' id='word_1_24' title='bbox 939 991 974 1036; x_wconf 82' lang='lat' dir='ltr'><strong><em>m</em></strong></span> <span class='ocrx_word' id='word_1_25' title='bbox 999 972 1097 1041; x_wconf 77' lang='lat' dir='ltr'>medio</span> 
     </span>
     <span class='ocr_line' id='line_1_5' title="bbox 141 1057 1096 1154; baseline 0.009 -24"><span class='ocrx_word' id='word_1_26' title='bbox 141 1063 212 1130; x_wconf 75' lang='lat' dir='ltr'>deos</span> <span class='ocrx_word' id='word_1_27' title='bbox 224 1061 398 1152; x_wconf 79' lang='lat' dir='ltr'>dijudicat.</span> <span class='ocrx_word' id='word_1_28' title='bbox 421 1057 555 1132; x_wconf 88' lang='lat' dir='ltr'>Tertio</span> <span class='ocrx_word' id='word_1_29' title='bbox 570 1078 663 1132; x_wconf 88' lang='lat' dir='ltr'>vero</span> <span class='ocrx_word' id='word_1_30' title='bbox 677 1061 715 1133; x_wconf 90' lang='lat' dir='ltr'>in</span> <span class='ocrx_word' id='word_1_31' title='bbox 729 1063 817 1134; x_wconf 89' lang='lat' dir='ltr'>loco</span> <span class='ocrx_word' id='word_1_32' title='bbox 825 1063 897 1154; x_wconf 85' lang='lat' dir='ltr'>jam</span> <span class='ocrx_word' id='word_1_33' title='bbox 919 1085 994 1137; x_wconf 92' lang='lat' dir='ltr'>non</span> <span class='ocrx_word' id='word_1_34' title='bbox 1011 1069 1096 1139; x_wconf 90' lang='lat' dir='ltr'>abu-</span> 
     </span>
     <span class='ocr_line' id='line_1_6' title="bbox 146 1155 1096 1260; baseline 0.004 -28"><span class='ocrx_word' id='word_1_35' title='bbox 146 1157 212 1232; x_wconf 87' lang='lat' dir='ltr'>se&#39;d</span> <span class='ocrx_word' id='word_1_36' title='bbox 234 1157 353 1251; x_wconf 81' lang='lat' dir='ltr'><strong>falso,</strong></span> <span class='ocrx_word' id='word_1_37' title='bbox 382 1157 432 1232; x_wconf 85' lang='lat' dir='ltr'>dii</span> <span class='ocrx_word' id='word_1_38' title='bbox 455 1159 614 1255; x_wconf 79' lang='lat' dir='ltr'>gentium</span> <span class='ocrx_word' id='word_1_39' title='bbox 642 1159 823 1234; x_wconf 67' lang='lat' dir='ltr'>daemones</span> <span class='ocrx_word' id='word_1_40' title='bbox 849 1155 1096 1260; x_wconf 84' lang='lat' dir='ltr'>appellantur,</span> 
     </span>
     <span class='ocr_line' id='line_1_7' title="bbox 140 1257 1096 1352; baseline 0.007 -21"><span class='ocrx_word' id='word_1_41' title='bbox 140 1261 211 1331; x_wconf 91' lang='lat' dir='ltr'>icit</span> <span class='ocrx_word' id='word_1_42' title='bbox 228 1257 430 1352; x_wconf 80' lang='lat' dir='ltr'>scriptura:</span> <span class='ocrx_word' id='word_1_43' title='bbox 459 1263 574 1330; x_wconf 73' lang='lat' dir='ltr'>Omnes</span> <span class='ocrx_word' id='word_1_44' title='bbox 589 1261 637 1327; x_wconf 78' lang='lat' dir='ltr'>dii</span> <span class='ocrx_word' id='word_1_45' title='bbox 649 1276 795 1352; x_wconf 76' lang='lat' dir='ltr'>genitum</span> <span class='ocrx_word' id='word_1_46' title='bbox 810 1263 969 1335; x_wconf 75' lang='lat' dir='ltr'>damonia.</span> <span class='ocrx_word' id='word_1_47' title='bbox 1024 1264 1096 1338; x_wconf 80' lang='lat' dir='ltr'>lta-</span> 
     </span>
     <span class='ocr_line' id='line_1_8' title="bbox 150 1359 1094 1457; baseline 0.007 -28"><span class='ocrx_word' id='word_1_48' title='bbox 150 1362 315 1452; x_wconf 89' lang='lat' dir='ltr'>primum</span> <span class='ocrx_word' id='word_1_49' title='bbox 333 1359 515 1431; x_wconf 80' lang='lat' dir='ltr'>charitatis</span> <span class='ocrx_word' id='word_1_50' title='bbox 529 1376 665 1431; x_wconf 91' lang='lat' dir='ltr'>nornen</span> <span class='ocrx_word' id='word_1_51' title='bbox 688 1360 724 1430; x_wconf 91' lang='lat' dir='ltr'>in</span> <span class='ocrx_word' id='word_1_52' title='bbox 740 1359 825 1434; x_wconf 90' lang='lat' dir='ltr'>Deo</span> <span class='ocrx_word' id='word_1_53' title='bbox 843 1360 914 1456; x_wconf 85' lang='lat' dir='ltr'>est,</span> <span class='ocrx_word' id='word_1_54' title='bbox 939 1379 1094 1457; x_wconf 86' lang='lat' dir='ltr'>propter</span> 
     </span>
     <span class='ocr_line' id='line_1_9' title="bbox 141 1456 1093 1554; baseline 0.004 -24"><span class='ocrx_word' id='word_1_55' title='bbox 141 1460 314 1546; x_wconf 81' lang='lat' dir='ltr'>iubemur</span> <span class='ocrx_word' id='word_1_56' title='bbox 333 1457 480 1552; x_wconf 83' lang='lat' dir='ltr'>diligere</span> <span class='ocrx_word' id='word_1_57' title='bbox 497 1456 616 1531; x_wconf 88' lang='lat' dir='ltr'>Deum</span> <span class='ocrx_word' id='word_1_58' title='bbox 635 1478 680 1530; x_wconf 86' lang='lat' dir='ltr'>ex</span> <span class='ocrx_word' id='word_1_59' title='bbox 703 1473 789 1531; x_wconf 92' lang='lat' dir='ltr'>toto</span> <span class='ocrx_word' id='word_1_60' title='bbox 809 1460 920 1533; x_wconf 90' lang='lat' dir='ltr'>corde</span> <span class='ocrx_word' id='word_1_61' title='bbox 940 1460 1093 1554; x_wconf 90' lang='lat' dir='ltr'>nostro,</span> 
     </span>
     <span class='ocr_line' id='line_1_10' title="bbox 142 1556 1094 1651; baseline 0.002 -21"><span class='ocrx_word' id='word_1_62' title='bbox 142 1581 166 1630; x_wconf 87' lang='lat' dir='ltr'>a</span> <span class='ocrx_word' id='word_1_63' title='bbox 191 1556 466 1651; x_wconf 68' lang='lat' dir='ltr'>animmstm,</span> <span class='ocrx_word' id='word_1_64' title='bbox 492 1556 585 1632; x_wconf 83' lang='lat' dir='ltr'>&amp;ex</span> <span class='ocrx_word' id='word_1_65' title='bbox 603 1559 693 1629; x_wconf 87' lang='lat' dir='ltr'>totis</span> <span class='ocrx_word' id='word_1_66' title='bbox 711 1559 848 1632; x_wconf 84' lang='lat' dir='ltr'>viribus</span> <span class='ocrx_word' id='word_1_67' title='bbox 863 1558 1011 1645; x_wconf 84' lang='lat' dir='ltr'>nostris,</span> <span class='ocrx_word' id='word_1_68' title='bbox 1038 1576 1094 1632; x_wconf 90' lang='lat' dir='ltr'>ut·</span> 
     </span>
     <span class='ocr_line' id='line_1_11' title="bbox 141 1657 1094 1754; baseline 0.002 -23"><span class='ocrx_word' id='word_1_69' title='bbox 141 1678 260 1753; x_wconf 84' lang='lat' dir='ltr'>eum,</span> <span class='ocrx_word' id='word_1_70' title='bbox 293 1678 406 1747; x_wconf 79' lang='lat' dir='ltr'>aquo</span> <span class='ocrx_word' id='word_1_71' title='bbox 426 1657 597 1732; x_wconf 84' lang='lat' dir='ltr'>habemus</span> <span class='ocrx_word' id='word_1_72' title='bbox 625 1657 696 1730; x_wconf 90' lang='lat' dir='ltr'>hoc</span> <span class='ocrx_word' id='word_1_73' title='bbox 715 1657 849 1751; x_wconf 87' lang='lat' dir='ltr'>ipsum,</span> <span class='ocrx_word' id='word_1_74' title='bbox 882 1673 925 1730; x_wconf 93' lang='lat' dir='ltr'>ut</span> <span class='ocrx_word' id='word_1_75' title='bbox 946 1659 1094 1754; x_wconf 82' lang='lat' dir='ltr'>diligere</span> 
     </span>
     <span class='ocr_line' id='line_1_12' title="bbox 143 1753 1093 1849; baseline 0.002 -21"><span class='ocrx_word' id='word_1_76' title='bbox 143 1779 203 1830; x_wconf 88' lang='lat' dir='ltr'>us.</span> <span class='ocrx_word' id='word_1_77' title='bbox 263 1758 305 1829; x_wconf 83' lang='lat' dir='ltr'>in</span> <span class='ocrx_word' id='word_1_78' title='bbox 323 1753 400 1849; x_wconf 83' lang='lat' dir='ltr'>ipso</span> <span class='ocrx_word' id='word_1_79' title='bbox 415 1758 487 1848; x_wconf 86' lang='lat' dir='ltr'>jam</span> <span class='ocrx_word' id='word_1_80' title='bbox 512 1757 583 1830; x_wconf 79' lang='lat' dir='ltr'>stne</span> <span class='ocrx_word' id='word_1_81' title='bbox 601 1756 713 1829; x_wconf 91' lang='lat' dir='ltr'>dubio</span> <span class='ocrx_word' id='word_1_82' title='bbox 735 1759 971 1849; x_wconf 86' lang='lat' dir='ltr'>continetur,</span> <span class='ocrx_word' id='word_1_83' title='bbox 998 1772 1040 1828; x_wconf 94' lang='lat' dir='ltr'>ut</span> <span class='ocrx_word' id='word_1_84' title='bbox 1058 1759 1093 1830; x_wconf 89' lang='lat' dir='ltr'>dt</span> 
     </span>
     <span class='ocr_line' id='line_1_13' title="bbox 141 1853 1091 1949; baseline 0.002 -21"><span class='ocrx_word' id='word_1_85' title='bbox 141 1859 255 1948; x_wconf 86' lang='lat' dir='ltr'>tiam,</span> <span class='ocrx_word' id='word_1_86' title='bbox 282 1859 316 1929; x_wconf 82' lang='lat' dir='ltr'>dt</span> <span class='ocrx_word' id='word_1_87' title='bbox 329 1853 524 1948; x_wconf 79' lang='lat' dir='ltr'>iustitiam,</span> <span class='ocrx_word' id='word_1_88' title='bbox 552 1857 586 1929; x_wconf 83' lang='lat' dir='ltr'>dt</span> <span class='ocrx_word' id='word_1_89' title='bbox 605 1858 797 1949; x_wconf 86' lang='lat' dir='ltr'>pietatem,</span> <span class='ocrx_word' id='word_1_90' title='bbox 818 1857 852 1928; x_wconf 75' lang='grc' dir='ltr'>δι</span> <span class='ocrx_word' id='word_1_91' title='bbox 875 1857 1091 1948; x_wconf 86' lang='lat' dir='ltr'>veritatem,</span> 
     </span>
     <span class='ocr_line' id='line_1_14' title="bbox 141 1951 1091 2051; baseline 0.004 -25"><span class='ocrx_word' id='word_1_92' title='bbox 141 1977 226 2048; x_wconf 75' lang='lat' dir='ltr'>tque</span> <span class='ocrx_word' id='word_1_93' title='bbox 253 1956 409 2030; x_wconf 78' lang='lat' dir='ltr'>virtutes</span> <span class='ocrx_word' id='word_1_94' title='bbox 433 1955 567 2050; x_wconf 88' lang='lat' dir='ltr'>pariter</span> <span class='ocrx_word' id='word_1_95' title='bbox 593 1956 790 2051; x_wconf 85' lang='lat' dir='ltr'><strong>diligamus.</strong></span> <span class='ocrx_word' id='word_1_96' title='bbox 848 1951 972 2030; x_wconf 84' lang='lat' dir='ltr'>Unut&#39;n</span> <span class='ocrx_word' id='word_1_97' title='bbox 996 1959 1091 2030; x_wconf 87' lang='lat' dir='ltr'>eninr</span> 
     </span>
     <span class='ocr_line' id='line_1_15' title="bbox 145 2052 1092 2151; baseline 0.002 -23"><span class='ocrx_word' id='word_1_98' title='bbox 145 2055 253 2128; x_wconf 90' lang='lat' dir='ltr'>idem</span> <span class='ocrx_word' id='word_1_99' title='bbox 279 2053 362 2150; x_wconf 88' lang='lat' dir='ltr'>est,</span> <span class='ocrx_word' id='word_1_100' title='bbox 395 2054 543 2150; x_wconf 87' lang='lat' dir='ltr'>diligere</span> <span class='ocrx_word' id='word_1_101' title='bbox 570 2052 716 2144; x_wconf 88' lang='lat' dir='ltr'>Deum,</span> <span class='ocrx_word' id='word_1_102' title='bbox 749 2054 783 2129; x_wconf 80' lang='lat' dir='ltr'>dt</span> <span class='ocrx_word' id='word_1_103' title='bbox 812 2055 960 2151; x_wconf 86' lang='lat' dir='ltr'>diligere</span> <span class='ocrx_word' id='word_1_104' title='bbox 982 2054 1092 2130; x_wconf 81' lang='lat' dir='ltr'>bone.</span> 
     </span>
     <span class='ocr_line' id='line_1_16' title="bbox 141 2153 1093 2246; baseline -0.002 -18"><span class='ocrx_word' id='word_1_105' title='bbox 141 2157 195 2228; x_wconf 91' lang='lat' dir='ltr'>do</span> <span class='ocrx_word' id='word_1_106' title='bbox 214 2155 328 2246; x_wconf 86' lang='lat' dir='ltr'>loco,</span> <span class='ocrx_word' id='word_1_107' title='bbox 343 2153 452 2246; x_wconf 82' lang='lat' dir='ltr'>-qutst</span> <span class='ocrx_word' id='word_1_108' title='bbox 474 2154 624 2236; x_wconf 68' lang='lat' dir='ltr'>abusivo</span> <span class='ocrx_word' id='word_1_109' title='bbox 645 2153 777 2229; x_wconf 81' lang='lat' dir='ltr'>&amp;inde</span> <span class='ocrx_word' id='word_1_110' title='bbox 792 2156 961 2229; x_wconf 83' lang='lat' dir='ltr'>derivato</span> <span class='ocrx_word' id='word_1_111' title='bbox 977 2155 1093 2227; x_wconf 90' lang='lat' dir='ltr'>norni-</span> 
     </span>
     <span class='ocr_line' id='line_1_17' title="bbox 141 2254 1093 2350; baseline 0 -23"><span class='ocrx_word' id='word_1_112' title='bbox 141 2275 193 2327; x_wconf 86' lang='lat' dir='ltr'>tm</span> <span class='ocrx_word' id='word_1_113' title='bbox 211 2257 415 2347; x_wconf 86' lang='lat' dir='ltr'>proximum</span> <span class='ocrx_word' id='word_1_114' title='bbox 435 2254 583 2350; x_wconf 86' lang='lat' dir='ltr'>diligere</span> <span class='ocrx_word' id='word_1_115' title='bbox 597 2254 789 2345; x_wconf 75' lang='lat' dir='ltr'>iubemur,</span> <span class='ocrx_word' id='word_1_116' title='bbox 815 2268 982 2346; x_wconf 84' lang='lat' dir='ltr'>tanquam</span> <span class='ocrx_word' id='word_1_117' title='bbox 1007 2274 1093 2327; x_wconf 80' lang='lat' dir='ltr'>not·</span> 
     </span>
     <span class='ocr_line' id='line_1_18' title="bbox 181 2350 1091 2450; baseline 0 -24"><span class='ocrx_word' id='word_1_118' title='bbox 181 2351 352 2426; x_wconf 88' lang='lat' dir='ltr'>Tertium</span> <span class='ocrx_word' id='word_1_119' title='bbox 371 2374 464 2426; x_wconf 92' lang='lat' dir='ltr'>vero</span> <span class='ocrx_word' id='word_1_120' title='bbox 488 2350 567 2445; x_wconf 86' lang='lat' dir='ltr'>est,</span> <span class='ocrx_word' id='word_1_121' title='bbox 596 2353 694 2443; x_wconf 93' lang='lat' dir='ltr'>quod</span> <span class='ocrx_word' id='word_1_122' title='bbox 715 2351 803 2450; x_wconf 71' lang='lat' dir='ltr'>felso</span> <span class='ocrx_word' id='word_1_123' title='bbox 823 2354 884 2427; x_wconf 92' lang='lat' dir='ltr'>sub</span> <span class='ocrx_word' id='word_1_124' title='bbox 907 2353 1091 2426; x_wconf 78' lang='lat' dir='ltr'>charitatis</span> 
     </span>
     <span class='ocr_line' id='line_1_19' title="bbox 141 2453 1092 2550; baseline -0.001 -24"><span class='ocrx_word' id='word_1_125' title='bbox 141 2455 373 2546; x_wconf 84' lang='lat' dir='ltr'>nominatur,</span> <span class='ocrx_word' id='word_1_126' title='bbox 391 2454 537 2550; x_wconf 84' lang='lat' dir='ltr'>diligere</span> <span class='ocrx_word' id='word_1_127' title='bbox 551 2455 611 2525; x_wconf 89' lang='lat' dir='ltr'>vel</span> <span class='ocrx_word' id='word_1_128' title='bbox 625 2453 828 2548; x_wconf 69' lang='lat' dir='ltr'>pecuniam,</span> <span class='ocrx_word' id='word_1_129' title='bbox 849 2454 907 2526; x_wconf 90' lang='lat' dir='ltr'>vel</span> <span class='ocrx_word' id='word_1_130' title='bbox 925 2454 1092 2544; x_wconf 83' lang='lat' dir='ltr'>volupta-</span> 
     </span>
     <span class='ocr_line' id='line_1_20' title="bbox 141 2552 1092 2645; baseline -0.002 -20"><span class='ocrx_word' id='word_1_131' title='bbox 141 2553 194 2625; x_wconf 69' lang='lat' dir='ltr'>rel</span> <span class='ocrx_word' id='word_1_132' title='bbox 211 2572 344 2645; x_wconf 87' lang='lat' dir='ltr'>omne,</span> <span class='ocrx_word' id='word_1_133' title='bbox 372 2552 542 2645; x_wconf 88' lang='lat' dir='ltr'>quidquid</span> <span class='ocrx_word' id='word_1_134' title='bbox 556 2555 599 2625; x_wconf 88' lang='lat' dir='ltr'>ad</span> <span class='ocrx_word' id='word_1_135' title='bbox 616 2556 859 2645; x_wconf 85' lang='lat' dir='ltr'>corruptelam</span> <span class='ocrx_word' id='word_1_136' title='bbox 877 2553 1035 2645; x_wconf 84' lang='lat' dir='ltr'>pertinet</span> <span class='ocrx_word' id='word_1_137' title='bbox 1057 2552 1092 2623; x_wconf 84' lang='lat' dir='ltr'>dt</span> 
     </span>
     <span class='ocr_line' id='line_1_21' title="bbox 141 2649 1094 2745; baseline -0.006 -19"><span class='ocrx_word' id='word_1_138' title='bbox 141 2674 200 2728; x_wconf 81' lang='lat' dir='ltr'>tn.</span> <span class='ocrx_word' id='word_1_139' title='bbox 259 2649 349 2725; x_wconf 93' lang='lat' dir='ltr'>Non</span> <span class='ocrx_word' id='word_1_140' title='bbox 369 2673 457 2744; x_wconf 76' lang='lat' dir='ltr'>crgo</span> <span class='ocrx_word' id='word_1_141' title='bbox 475 2651 646 2745; x_wconf 85' lang='lat' dir='ltr'>interest,</span> <span class='ocrx_word' id='word_1_142' title='bbox 680 2667 800 2726; x_wconf 88' lang='lat' dir='ltr'>utrum</span> <span class='ocrx_word' id='word_1_143' title='bbox 825 2654 929 2725; x_wconf 84' lang='lat' dir='ltr'>amari</span> <span class='ocrx_word' id='word_1_144' title='bbox 953 2651 1094 2722; x_wconf 85' lang='lat' dir='ltr'>dicatur</span> 
     </span>
     <span class='ocr_line' id='line_1_22' title="bbox 175 2750 1093 2848; baseline 0 -24"><span class='ocrx_word' id='word_1_145' title='bbox 175 2773 223 2824; x_wconf 90' lang='lat' dir='ltr'>an</span> <span class='ocrx_word' id='word_1_146' title='bbox 241 2751 348 2848; x_wconf 84' lang='lat' dir='ltr'>diligi.</span> <span class='ocrx_word' id='word_1_147' title='bbox 399 2752 481 2827; x_wconf 91' lang='lat' dir='ltr'>Nec</span> <span class='ocrx_word' id='word_1_148' title='bbox 497 2766 610 2844; x_wconf 87' lang='lat' dir='ltr'>puto,</span> <span class='ocrx_word' id='word_1_149' title='bbox 638 2752 737 2843; x_wconf 87' lang='lat' dir='ltr'>quod</span> <span class='ocrx_word' id='word_1_150' title='bbox 761 2754 893 2845; x_wconf 83' lang='lat' dir='ltr'>culpari</span> <span class='ocrx_word' id='word_1_151' title='bbox 916 2751 1039 2842; x_wconf 83' lang='lat' dir='ltr'>poffit,</span> <span class='ocrx_word' id='word_1_152' title='bbox 1067 2750 1093 2824; x_wconf 88' lang='lat' dir='ltr'>st</span> 
     </span>
     <span class='ocr_line' id='line_1_23' title="bbox 141 2848 1095 2945; baseline 0 -26"><span class='ocrx_word' id='word_1_153' title='bbox 141 2862 266 2944; x_wconf 78' lang='lat' dir='ltr'>teum,</span> <span class='ocrx_word' id='word_1_154' title='bbox 293 2851 568 2945; x_wconf 83' lang='lat' dir='ltr'>ficutJoannes,</span> <span class='ocrx_word' id='word_1_155' title='bbox 596 2852 827 2942; x_wconf 83' lang='lat' dir='ltr'>charitatem,</span> <span class='ocrx_word' id='word_1_156' title='bbox 854 2848 1095 2941; x_wconf 87' lang='lat' dir='ltr'>itaipseamo·</span> 
     </span>
     <span class='ocr_line' id='line_1_24' title="bbox 142 2947 1095 3042; baseline -0.005 -17"><span class='ocrx_word' id='word_1_157' title='bbox 142 2953 301 3025; x_wconf 90' lang='lat' dir='ltr'>ominet.</span> <span class='ocrx_word' id='word_1_158' title='bbox 353 2950 520 3042; x_wconf 88' lang='lat' dir='ltr'>Denique</span> <span class='ocrx_word' id='word_1_159' title='bbox 537 2951 701 3041; x_wconf 75' lang='lat' dir='ltr'>memini,</span> <span class='ocrx_word' id='word_1_160' title='bbox 724 2954 875 3040; x_wconf 82' lang='lat' dir='ltr'>aliquem</span> <span class='ocrx_word' id='word_1_161' title='bbox 894 2947 1095 3021; x_wconf 71' lang='lat' dir='ltr'>fundorum</span> 
     </span>
     <span class='ocr_line' id='line_1_25' title="bbox 159 3049 1094 3146; baseline -0.006 -22"><span class='ocrx_word' id='word_1_162' title='bbox 159 3051 340 3146; x_wconf 83' lang='lat' dir='ltr'>Ignatium</span> <span class='ocrx_word' id='word_1_163' title='bbox 360 3052 506 3123; x_wconf 83' lang='lat' dir='ltr'>nomine</span> <span class='ocrx_word' id='word_1_164' title='bbox 526 3052 570 3121; x_wconf 93' lang='lat' dir='ltr'>de</span> <span class='ocrx_word' id='word_1_165' title='bbox 588 3049 749 3124; x_wconf 84' lang='lat' dir='ltr'>Christo:</span> <span class='ocrx_word' id='word_1_166' title='bbox 778 3057 875 3121; x_wconf 82' lang='lat' dir='ltr'>Meus</span> <span class='ocrx_word' id='word_1_167' title='bbox 891 3068 1094 3119; x_wconf 84' lang='lat' dir='ltr'>auremamor</span> 
     </span>
     <span class='ocr_line' id='line_1_26' title="bbox 141 3141 1184 3247; baseline -0.004 -26"><span class='ocrx_word' id='word_1_168' title='bbox 141 3179 199 3221; x_wconf 71' lang='lat' dir='ltr'>cus</span> <span class='ocrx_word' id='word_1_169' title='bbox 218 3149 278 3247; x_wconf 73' lang='lat' dir='ltr'>esi.-</span> <span class='ocrx_word' id='word_1_170' title='bbox 304 3171 372 3221; x_wconf 92' lang='lat' dir='ltr'>nec</span> <span class='ocrx_word' id='word_1_171' title='bbox 388 3149 602 3240; x_wconf 84' lang='lat' dir='ltr'>reprehendi</span> <span class='ocrx_word' id='word_1_172' title='bbox 617 3171 697 3222; x_wconf 87' lang='lat' dir='ltr'>cum</span> <span class='ocrx_word' id='word_1_173' title='bbox 712 3169 780 3241; x_wconf 90' lang='lat' dir='ltr'>pro</span> <span class='ocrx_word' id='word_1_174' title='bbox 798 3149 871 3221; x_wconf 91' lang='lat' dir='ltr'>hoc</span> <span class='ocrx_word' id='word_1_175' title='bbox 887 3148 1029 3243; x_wconf 85' lang='lat' dir='ltr'>dignum</span> <span class='ocrx_word' id='word_1_176' title='bbox 1039 3147 1095 3238; x_wconf 85' lang='lat' dir='ltr'>ju·</span> <span class='ocrx_word' id='word_1_177' title='bbox 1158 3187 1162 3198; x_wconf 92' lang='lat'><em>·</em></span> <span class='ocrx_word' id='word_1_178' title='bbox 1182 3141 1184 3148; x_wconf 80' lang='lat'>&#39;</span> 
     </span>
     <span class='ocr_line' id='line_1_27' title="bbox 172 3248 1094 3339; baseline -0.004 -18"><span class='ocrx_word' id='word_1_179' title='bbox 172 3249 366 3339; x_wconf 76' lang='lat' dir='ltr'>Sciendum</span> <span class='ocrx_word' id='word_1_180' title='bbox 384 3266 525 3339; x_wconf 77' lang='lat' dir='ltr'>autem,</span> <span class='ocrx_word' id='word_1_181' title='bbox 552 3250 651 3339; x_wconf 87' lang='lat' dir='ltr'>quod</span> <span class='ocrx_word' id='word_1_182' title='bbox 668 3250 803 3339; x_wconf 89' lang='lat' dir='ltr'>omnis,</span> <span class='ocrx_word' id='word_1_183' title='bbox 832 3249 890 3338; x_wconf 92' lang='lat' dir='ltr'>qui</span> <span class='ocrx_word' id='word_1_184' title='bbox 905 3248 964 3318; x_wconf 89' lang='lat' dir='ltr'>vei</span> <span class='ocrx_word' id='word_1_185' title='bbox 986 3267 1094 3339; x_wconf 88' lang='lat' dir='ltr'>pecu·</span> 
     </span>
     <span class='ocr_line' id='line_1_28' title="bbox 141 3347 1095 3447; baseline -0.006 -26"><span class='ocrx_word' id='word_1_186' title='bbox 141 3351 268 3447; x_wconf 65' lang='lat' dir='ltr'>lingit,</span> <span class='ocrx_word' id='word_1_187' title='bbox 296 3351 429 3440; x_wconf 77' lang='lat' dir='ltr'>velen,</span> <span class='ocrx_word' id='word_1_188' title='bbox 457 3369 534 3438; x_wconf 86' lang='lat' dir='ltr'>quae</span> <span class='ocrx_word' id='word_1_189' title='bbox 547 3349 583 3419; x_wconf 94' lang='lat' dir='ltr'>in</span> <span class='ocrx_word' id='word_1_190' title='bbox 597 3349 733 3422; x_wconf 89' lang='lat' dir='ltr'>mundo</span> <span class='ocrx_word' id='word_1_191' title='bbox 753 3347 832 3419; x_wconf 92' lang='lat' dir='ltr'>sunt</span> <span class='ocrx_word' id='word_1_192' title='bbox 847 3347 1002 3418; x_wconf 83' lang='lat' dir='ltr'>materiae</span> <span class='ocrx_word' id='word_1_193' title='bbox 1014 3366 1095 3417; x_wconf 87' lang='lat' dir='ltr'>cor-</span> 
     </span>
     <span class='ocr_line' id='line_1_29' title="bbox 141 3444 1096 3542; baseline -0.004 -22"><span class='ocrx_word' id='word_1_194' title='bbox 141 3451 231 3541; x_wconf 82' lang='lat' dir='ltr'>ilis,</span> <span class='ocrx_word' id='word_1_195' title='bbox 258 3450 431 3521; x_wconf 88' lang='lat' dir='ltr'>virtutem</span> <span class='ocrx_word' id='word_1_196' title='bbox 453 3449 655 3542; x_wconf 85' lang='lat' dir='ltr'>charitatis,</span> <span class='ocrx_word' id='word_1_197' title='bbox 683 3469 760 3538; x_wconf 89' lang='lat' dir='ltr'>quae</span> <span class='ocrx_word' id='word_1_198' title='bbox 782 3468 827 3519; x_wconf 86' lang='lat' dir='ltr'>ex</span> <span class='ocrx_word' id='word_1_199' title='bbox 843 3445 927 3517; x_wconf 89' lang='lat' dir='ltr'>Deo</span> <span class='ocrx_word' id='word_1_200' title='bbox 950 3445 1021 3534; x_wconf 78' lang='lat' dir='ltr'>est,</span> <span class='ocrx_word' id='word_1_201' title='bbox 1050 3444 1096 3517; x_wconf 85' lang='lat' dir='ltr'>ad</span> 
     </span>
     <span class='ocr_line' id='line_1_30' title="bbox 141 3544 1095 3639; baseline -0.012 -16"><span class='ocrx_word' id='word_1_202' title='bbox 141 3573 171 3623; x_wconf 77' lang='lat' dir='ltr'>ta</span> <span class='ocrx_word' id='word_1_203' title='bbox 188 3549 223 3621; x_wconf 68' lang='lat' dir='ltr'>ez</span> <span class='ocrx_word' id='word_1_204' title='bbox 240 3548 283 3620; x_wconf 85' lang='lat' dir='ltr'>ad</span> <span class='ocrx_word' id='word_1_205' title='bbox 304 3548 438 3620; x_wconf 86' lang='lat' dir='ltr'>caduca</span> <span class='ocrx_word' id='word_1_206' title='bbox 455 3547 627 3639; x_wconf 88' lang='lat' dir='ltr'>deducit,</span> <span class='ocrx_word' id='word_1_207' title='bbox 655 3546 689 3619; x_wconf 74' lang='lat' dir='ltr'>d:</span> <span class='ocrx_word' id='word_1_208' title='bbox 712 3548 819 3618; x_wconf 88' lang='lat' dir='ltr'>rebus</span> <span class='ocrx_word' id='word_1_209' title='bbox 842 3545 914 3617; x_wconf 90' lang='lat' dir='ltr'>Dei</span> <span class='ocrx_word' id='word_1_210' title='bbox 934 3544 1095 3616; x_wconf 80' lang='lat' dir='ltr'>abutitur</span> 
     </span>
     <span class='ocr_line' id='line_1_31' title="bbox 146 3643 1097 3740; baseline -0.006 -22"><span class='ocrx_word' id='word_1_211' title='bbox 146 3702 161 3740; x_wconf 90' lang='lat'>‚</span> <span class='ocrx_word' id='word_1_212' title='bbox 202 3646 604 3739; x_wconf 85' lang='lat' dir='ltr'>quaenonvultDeus.</span> <span class='ocrx_word' id='word_1_213' title='bbox 666 3643 757 3718; x_wconf 92' lang='lat' dir='ltr'>Non</span> <span class='ocrx_word' id='word_1_214' title='bbox 777 3643 870 3718; x_wconf 89' lang='lat' dir='ltr'>enim</span> <span class='ocrx_word' id='word_1_215' title='bbox 893 3643 993 3715; x_wconf 80' lang='lat' dir='ltr'>Deus</span> <span class='ocrx_word' id='word_1_216' title='bbox 1011 3643 1097 3713; x_wconf 85' lang='lat' dir='ltr'>diie-</span> 
     </span>
     <span class='ocr_line' id='line_1_32' title="bbox 145 3738 1096 3827; baseline -0.012 -5"><span class='ocrx_word' id='word_1_217' title='bbox 145 3770 184 3822; x_wconf 88' lang='lat' dir='ltr'><strong>m</strong></span> <span class='ocrx_word' id='word_1_218' title='bbox 211 3747 364 3827; x_wconf 85' lang='lat' dir='ltr'>horum,</span> <span class='ocrx_word' id='word_1_219' title='bbox 399 3741 458 3819; x_wconf 88' lang='lat' dir='ltr'>sed</span> <span class='ocrx_word' id='word_1_220' title='bbox 485 3744 582 3819; x_wconf 84' lang='lat' dir='ltr'>usum</span> <span class='ocrx_word' id='word_1_221' title='bbox 611 3743 816 3819; x_wconf 85' lang='lat' dir='ltr'>hominibus</span> <span class='ocrx_word' id='word_1_222' title='bbox 843 3743 953 3816; x_wconf 88' lang='lat' dir='ltr'>dedit.</span> <span class='ocrx_word' id='word_1_223' title='bbox 1006 3738 1096 3813; x_wconf 85' lang='lat' dir='ltr'>Haec</span> 
     </span>
     <span class='ocr_line' id='line_1_33' title="bbox 141 3841 1096 3941; baseline -0.014 -19"><span class='ocrx_word' id='word_1_224' title='bbox 141 3887 144 3922; x_wconf 68' lang='grc' dir='ltr'>ι</span> <span class='ocrx_word' id='word_1_225' title='bbox 165 3847 280 3941; x_wconf 78' lang='lat' dir='ltr'>paulo</span> <span class='ocrx_word' id='word_1_226' title='bbox 306 3848 412 3919; x_wconf 84' lang='lat' dir='ltr'>iatius</span> <span class='ocrx_word' id='word_1_227' title='bbox 434 3841 674 3936; x_wconf 85' lang='lat' dir='ltr'>discuffimus,</span> <span class='ocrx_word' id='word_1_228' title='bbox 707 3845 876 3918; x_wconf 85' lang='lat' dir='ltr'>volentes</span> <span class='ocrx_word' id='word_1_229' title='bbox 904 3842 1096 3914; x_wconf 80' lang='lat' dir='ltr'>denatura</span> 
     </span>
     <span class='ocr_line' id='line_1_34' title="bbox 141 3941 1095 4038; baseline -0.008 -16"><span class='ocrx_word' id='word_1_230' title='bbox 141 3950 209 4022; x_wconf 83' lang='lat' dir='ltr'>atis</span> <span class='ocrx_word' id='word_1_231' title='bbox 228 3945 262 4019; x_wconf 83' lang='lat' dir='ltr'>dt</span> <span class='ocrx_word' id='word_1_232' title='bbox 285 3946 415 4020; x_wconf 83' lang='lat' dir='ltr'>umoris</span> <span class='ocrx_word' id='word_1_233' title='bbox 436 3945 591 4038; x_wconf 82' lang='lat' dir='ltr'>apertius</span> <span class='ocrx_word' id='word_1_234' title='bbox 606 3945 851 4035; x_wconf 85' lang='lat' dir='ltr'>attentiusque</span> <span class='ocrx_word' id='word_1_235' title='bbox 868 3941 1095 4034; x_wconf 65' lang='lat' dir='ltr'>distinguere,</span> 
     </span>
     <span class='ocr_line' id='line_1_35' title="bbox 141 4040 1098 4140; baseline -0.023 -20"><span class='ocrx_word' id='word_1_236' title='bbox 141 4063 214 4140; x_wconf 79' lang='lat' dir='ltr'>rte,</span> <span class='ocrx_word' id='word_1_237' title='bbox 242 4046 413 4139; x_wconf 84' lang='lat' dir='ltr'>quoniam</span> <span class='ocrx_word' id='word_1_238' title='bbox 434 4043 604 4136; x_wconf 86' lang='lat' dir='ltr'>scriptura</span> <span class='ocrx_word' id='word_1_239' title='bbox 618 4043 727 4136; x_wconf 85' lang='lat' dir='ltr'>dicit,</span> <span class='ocrx_word' id='word_1_240' title='bbox 753 4049 829 4140; x_wconf 77' lang='lat' dir='ltr'>quia</span> <span class='ocrx_word' id='word_1_241' title='bbox 849 4040 1098 4113; x_wconf 73' lang='lat' dir='ltr'>Deuscharirac</span> 
     </span>
     <span class='ocr_line' id='line_1_36' title="bbox 141 4130 1097 4240; baseline -0.024 -18"><span class='ocrx_word' id='word_1_242' title='bbox 141 4170 251 4237; x_wconf 75' lang='lat' dir='ltr'>mne,</span> <span class='ocrx_word' id='word_1_243' title='bbox 281 4144 382 4238; x_wconf 86' lang='lat' dir='ltr'>quud</span> <span class='ocrx_word' id='word_1_244' title='bbox 400 4143 580 4240; x_wconf 82' lang='lat' dir='ltr'>diligitur,</span> <span class='ocrx_word' id='word_1_245' title='bbox 615 4144 722 4216; x_wconf 85' lang='lat' dir='ltr'>etiarn</span> <span class='ocrx_word' id='word_1_246' title='bbox 741 4141 764 4215; x_wconf 83' lang='lat' dir='ltr'>st</span> <span class='ocrx_word' id='word_1_247' title='bbox 784 4133 1019 4233; x_wconf 89' lang='lat' dir='ltr'>corruptibile</span> <span class='ocrx_word' id='word_1_248' title='bbox 1034 4130 1097 4220; x_wconf 79' lang='lat' dir='ltr'>stt,</span> 
     </span>
     <span class='ocr_line' id='line_1_37' title="bbox 141 4239 1101 4339; baseline -0.013 -18"><span class='ocrx_word' id='word_1_249' title='bbox 141 4271 175 4321; x_wconf 78' lang='lat' dir='ltr'>:o</span> <span class='ocrx_word' id='word_1_250' title='bbox 200 4241 299 4339; x_wconf 81' lang='lat' dir='ltr'>ess&#39;e,</span> <span class='ocrx_word' id='word_1_251' title='bbox 335 4243 467 4318; x_wconf 84' lang='lat' dir='ltr'>&amp;hoc</span> <span class='ocrx_word' id='word_1_252' title='bbox 490 4243 642 4320; x_wconf 85' lang='lat' dir='ltr'>charitas</span> <span class='ocrx_word' id='word_1_253' title='bbox 665 4242 701 4314; x_wconf 89' lang='lat'>&amp;</span> <span class='ocrx_word' id='word_1_254' title='bbox 726 4239 870 4320; x_wconf 71' lang='lat' dir='ltr'>diiedio</span> <span class='ocrx_word' id='word_1_255' title='bbox 896 4241 1101 4336; x_wconf 85' lang='lat' dir='ltr'>putaretur.</span> 
     </span>
     <span class='ocr_line' id='line_1_38' title="bbox 141 4330 1059 4447; baseline -0.013 -20"><span class='ocrx_word' id='word_1_256' title='bbox 141 4354 221 4447; x_wconf 74' lang='lat' dir='ltr'>puis</span> <span class='ocrx_word' id='word_1_257' title='bbox 250 4343 345 4430; x_wconf 72' lang='lat' dir='ltr'>Tm.</span> <span class='ocrx_word' id='word_1_258' title='bbox 370 4343 441 4420; x_wconf 69' lang='grc' dir='ltr'>ΙΧ,</span> <span class='ocrx_word' id='word_1_259' title='bbox 655 4333 694 4415; x_wconf 76' lang='lat' dir='ltr'><em>F</em></span> <span class='ocrx_word' id='word_1_260' title='bbox 982 4330 1059 4417; x_wconf 71' lang='lat' dir='ltr'>Sed</span> 
     </span>
    </p>
   </div>
   <div class='ocr_carea' id='block_1_3' title="bbox 0 0 1372 4859">
    <p class='ocr_par' dir='ltr' id='par_1_3' title="bbox 0 0 1372 4859">
     <span class='ocr_line' id='line_1_39' title="bbox 0 0 1372 4859; baseline 0 0"><span class='ocrx_word' id='word_1_261' title='bbox 0 0 1372 4859; x_wconf 95' lang='lat' dir='ltr'> </span> 
     </span>
    </p>
   </div>
  </div>
 </body>
</html>
