2734 4859
431 223 810 344 nomme
860 266 889 345 1.
1151 298 1199 371 43

132 430 312 532 prandium
336 429 542 506 celebrare
593 425 724 528 Angeli
747 431 895 506 meridie
910 425 1074 509 «Ab‘rahae
1100 433 1204 512 susci·

133 535 269 630 piuntur
291 531 492 625 hospitio,
520 529 706 606 &cetera
724 530 932 610 istiusmodi.
984 537 1139 633 Quem,
1166 537 1204 632 da

131 633 310 726 devenies,
341 629 556 728 scripturam
568 630 727 706 divinam
739 651 817 706 non
830 633 957 708 frustra
971 631 1031 709 seu
1043 634 1202 712 fortuitu

135 751 425 828 rmrmquemque
447 729 617 826 usurpare
638 729 848 806 sermonem.
906 735 998 831 Quis
1022 751 1127 827 putas
1150 735 1207 812 est

136 833 245 930 dgnus
265 833 444 924 euobis,
469 845 513 906 ut
531 831 577 906 ad
595 831 778 908 meridiem
798 851 913 926 usque
928 836 1138 928 perveniat,
1166 836 1205 910 dr

132 933 272 1020 videat,
305 933 376 1008 ubi
398 929 547 1026 paseat,
580 931 646 1006 ubi
665 932 777 1008 cubet
804 930 987 1030 sponsus?
1024 937 1204 1008 Ameneia

132 1035 229 1128 nihi,
248 1057 348 1132 qum
370 1031 490 1106 dilexit
503 1035 615 1105 anima
634 1055 729 1121 area,
755 1033 810 1104 vbi
831 1035 952 1132 palcis,
978 1034 1033 1104 abi
1049 1035 1142 1106 cubas
1161 1041 1202 1110 in

130 1135 260 1208 uidit.
296 1131 381 1208 Nisi
398 1135 495 1210 enim
509 1131 648 1208 tumihi
663 1132 961 1227 annunciaveris,
986 1133 1125 1229 incipio
1147 1155 1204 1208 ers

131 1233 286 1310 rabmda
300 1229 454 1327 jartam,
480 1231 539 1329 dr,
562 1233 646 1308 dum
669 1245 708 1308 te
725 1252 871 1325 quero,
896 1233 934 1308 in
953 1235 1105 1309 aliorum
1124 1257 1204 1330 gree

206 1335 380 1412 incurro.
428 1331 508 1427 Er,
543 1333 626 1426 quia
648 1333 801 1408 aliorum
822 1332 996 1408 erubesco
1019 1333 1204 1430 aspeerus,

184 1433 194 1452 ⁰
268 1453 394 1512 meam
414 1445 525 1526 atque
539 1451 606 1508 ora
623 1453 712 1508 mox
729 1445 925 1530 contegere
940 1435 1088 1527 incipio.
1115 1432 1206 1512 Sum

132 1533 261 1632 quippe
274 1530 410 1629 sponsa
422 1529 603 1627 formosa,
629 1531 666 1608 dt
681 1531 757 1608 aliir
779 1533 912 1610 nudam
933 1533 1063 1608 faciem
1083 1539 1203 1610 meam

131 1653 202 1712 uon
219 1631 416 1728 ostendo,
441 1632 506 1708 nifi
523 1633 589 1709 tibi
609 1631 698 1731 soli,
726 1653 831 1727 quem
846 1635 919 1727 jam
938 1633 1079 1727 pridem
1101 1630 1205 1706 deos·

133 1735 245 1812 mhi!
266 1731 361 1811 sum.
411 1735 585 1806 amaneu
601 1735 712 1822 mihi,
736 1755 829 1834 qvem
851 1735 965 1806 dilexit
985 1738 1098 1806 anima
1115 1755 1205 1820 mea,

134 1833 187 1908 uh·
194 1835 323 1934 pascis,
352 1831 410 1904 abi
421 1833 514 1906 erbas
531 1837 569 1906 eir
590 1833 741 1926 mmidie,
766 1835 1031 1933 neqrmdofianr,
1047 1831 1134 1930 strar
1155 1856 1206 1904 ro·

135 1935 289 2032 mser
360 1957 466 2030 greges
474 1933 631 2025 sedulium
645 1952 783 2008 aarum
832 1931 887 2008 Ut
899 1931 963 2008 ista
980 1953 1057 2007 non
1074 1932 1206 2028 patiar,

134 2051 265 2112 utnon
312 2055 372 2110 am
388 2044 590 2128 cooperta,
614 2045 658 2109 ut
676 2053 744 2108 ora
758 2055 836 2110 non
854 2047 1076 2130 contegam,
1103 2031 1138 2106 dr
1159 2031 1208 2106 ad

138 2135 220 2210 aiios
232 2155 358 2227 usque
372 2135 611 2227 perveniens,
635 2131 802 2230 incipiam
809 2131 961 2208 forsitan
979 2132 1014 2206 dr
1029 2153 1094 2206 eos
1112 2152 1205 2206 ama·

140 2253 191 2326 re,
215 2255 317 2328 quor
334 2231 479 2308 nescio:
504 2233 642 2308 idcireo
656 2234 834 2308 annuncia
849 2233 955 2324 mihi,
981 2233 1042 2305 ubi
1061 2247 1099 2306 te
1115 2252 1208 2325 quae-¹

137 2353 228 2427 ram,
256 2331 497 2408 &inveniam
519 2333 559 2408 in
583 2333 763 2424 meridie,
789 2353 837 2408 ne
862 2333 961 2406 forte
982 2329 1086 2416 fiam,
1112 2331 1209 2426 quau

138 2447 319 2530 deoperta
336 2431 442 2524 super
457 2451 582 2530 gregor
597 2430 770 2508 sodalium
787 2445 949 2507 tuorum.

139 2635 186 2710 r
201 2529 799 2728 irrueremus
818 2528 1209 2725 eruimur

203 2689 213 2707 ·
809 2683 822 2722 a

139 2731 286 2829 sponsa,
312 2731 351 2806 dr
366 2731 545 2822 formosa,
571 2731 713 2804 &ame
734 2727 1014 2804 sadasormosa:
1039 2727 1211 2820 siquidem

139 2855 207 2930 ego
226 2832 320 2906 mihi
345 2830 490 2906 exhibui
516 2826 709 2928 gloriosam
729 2829 941 2922 ecclesiam,
975 2850 1052 2902 non
1078 2827 1211 2903 habeh-

140 2949 211 3008 tem
227 2931 433 3023 maculam,
458 2950 575 3022 neque
593 2950 727 3025 rugam.
778 2927 983 3020 Autscito‚
1010 2930 1112 3021 quia,
1135 2927 1211 3002 site

139 3055 216 3109 non
235 3033 484 3128 cognoveris,
510 3029 659 3103 &tuam
674 3027 792 3101 scieris
810 3029 1038 3124 dignitatem,
1065 3027 1212 3124 patieris

141 3134 243 3223 hec,
285 3151 368 3223 que
389 3128 593 3220 sequuntur.
653 3130 828 3227 Quaenam
853 3127 915 3201 ista
937 3127 1049 3200 sunt?
1086 3131 1128 3199 Si
1147 3150 1214 3198 nm

142 3236 329 3327 regnaveris
349 3229 567 3326 temetipsam,
594 3254 611 3300 ο
630 3229 765 3326 pulchra
783 3233 820 3299 in
838 3228 1045 3314 mulieribus,
1075 3229 1214 3322 egredere

85 3386 87 3407 ,
144 3349 180 3406 re
195 3339 235 3402 in
249 3329 394 3426 vestigiis
410 3351 552 3424 gregum,
575 3328 615 3404 dv
627 3331 715 3426 pasce
728 3347 805 3400 non
823 3346 947 3423 greges
962 3329 1109 3419 ovium,
1136 3345 1215 3402 non

85 3475 87 3485 ·
144 3451 348 3528 agnorum,
368 3427 427 3504 sed
443 3431 637 3504 desertans.
686 3427 829 3503 Statuet
844 3428 975 3520 quippe
993 3448 1085 3500 oves
1097 3449 1118 3502 a
1131 3427 1217 3501 dex·

146 3533 234 3622 tris,
263 3529 299 3604 dr
326 3549 348 3604 a
374 3526 519 3603 finistrie
543 3528 682 3604 hoedos.
746 3525 785 3602 Si
809 3549 875 3598 nen
901 3532 1082 3620 cognoveris
1110 3541 1218 3598 remer-

144 3633 270 3730 ipsae,
300 3655 319 3702 o
341 3630 477 3726 pulchra
500 3634 540 3700 in
558 3627 766 3715 mulieribus,
800 3628 938 3721 egredere
958 3642 995 3700 ru
1021 3631 1059 3698 in
1081 3625 1219 3721 vestigiis

145 3757 288 3830 gregum
313 3729 353 3806 U
367 3729 458 3828 pasce
470 3729 573 3802 hedos
589 3744 658 3799 rurs
671 3733 709 3800 iar
729 3726 941 3799 tabernaculo
953 3727 1121 3825 pastorum.
1176 3723 1220 3801 Iu

149 3830 328 3934 vestigiis,
351 3829 493 3926 iuquit,
518 3825 701 3930 pastorum
714 3827 902 3929 novisima
916 3824 1009 3924 fies,
1034 3845 1110 3904 non
1123 3825 1220 3900 inter

1050 3945 1170 4021 oves,
