2734 4859
207 601 255 685 ss
324 591 562 672 oncense
587 594 645 704 nu
669 541 1183 708 canticuncnnnc.

209 760 282 838 Sed
299 759 394 852 hec,
418 758 646 850 utdiaitnus,
673 755 848 833 Salomon
866 769 951 832 ante
970 753 1284 850 omnerinvenita

212 862 248 938 dt
265 859 393 934 docuit
410 880 475 956 pet
489 856 719 954 sapientiam,
746 876 851 951 quam
863 858 1037 952 accepite
1053 855 1162 949 Deo,
1178 855 1282 946 sicud¹

211 960 383 1058 scriptum
403 959 481 1036 est:
515 958 564 1031 Er
581 959 667 1030 dedit
689 962 780 1032 Deus
802 960 1007 1055 prudentiam
1025 957 1215 1049 Salomoni,
1227 951 1283 1040 ,δ

204 1066 403 1162 sapientiora
421 1061 556 1134 mltum
571 1060 686 1148 vute,
720 1056 761 1137 dr
780 1059 987 1141 latitudinem
1006 1057 1105 1130 cordis
1115 1055 1285 1250 ῥώμῃ

211 1187 310 1250 nam,
336 1161 460 1260 mess
478 1155 519 1234 od
531 1182 618 1233 urum
632 1165 751 1253 maris,
777 1160 817 1238 (5
833 1159 1048 1256 multiplicata
1064 1156 1105 1254 cll
1121 1163 1160 1228 in
1178 1181 1213 1228 er
1254 1155 1257 1246 J

211 1267 340 1364 pientia
346 1266 440 1357 seper
456 1283 562 1334 omnes
576 1266 728 1359 antiquos
736 1260 1007 1355 fisirslsominurr,
1022 1255 1161 1356 &super
1176 1249 1284 1338 Μ

204 1365 370 1460 -Ῑαρὶεητει
393 1359 545 1458 AEgypri.
596 1360 770 1436 Salomon
786 1375 972 1458 ergotres
997 1357 1100 1450 istas,
1126 1375 1216 1450 quas
1231 1355 1285 1438 file

214 1463 452 1558 prediximus
472 1463 655 1558 generales
671 1461 742 1535 esse
757 1459 980 1555 disciplinas,
1006 1459 1042 1533 id
1066 1457 1140 1552 est,
1165 1457 1266 1554 nro,¹

141 1593 144 1600 ·
215 1564 310 1655 lem,
335 1564 533 1636 naturalem
558 1559 863 1655 &inspediivam
892 1554 1233 1656 distinguere-abin
1271 1643 1281 1648 ..

218 1684 317 1745 cern,
345 1683 388 1734 ac
408 1658 592 1735 secernere
609 1664 763 1755 volens,
790 1662 904 1735 tribus
925 1682 984 1734 eas
1001 1658 1130 1734 libellis
1152 1653 1285 1750 euldir.

216 1760 283 1836 suo
300 1782 447 1854 quoque
464 1762 592 1836 ordine
608 1760 750 1859 ungulis
766 1760 1028 1855 consequenter
1044 1757 1189 1854 aptatis.
1215 1753 1285 1856 Pu

216 1883 281 1938 mo
303 1883 392 1956 ergo
409 1862 444 1934 in
462 1861 673 1936 Proverbiis
695 1864 867 1937 moralem
888 1861 1016 1936 docuit
1037 1861 1186 1950 locum,
1216 1853 1285 1950 suq‘

132 1973 135 1984 '
220 1960 369 2050 cinstis,
396 1977 438 2032 ut
452 1961 594 2055 decuit,
624 1962 868 2055 brevibusque
886 1959 1070 2036 sententiis
1090 1959 1177 2031 vitae
1196 1951 1285 2054 instit

219 2073 300 2135 tuta
317 2081 554 2155 componens.
593 2059 793 2135 Secundam
808 2079 923 2153 vero,
950 2081 1028 2153 quae
1044 2057 1218 2134 naturalia

218 2163 397 2258 pellatur,
423 2161 701 2252 comprehendit
723 2163 759 2233 in
774 2159 1004 2235 Ecclesiaste:
1029 2159 1065 2232 in
1085 2073 1285 2340 (1υοωῆ

220 2259 395 2334 derebus
414 2263 636 2333 naturalibus
656 2258 843 2354 disserens,
870 2261 904 2333 ἃ
927 2259 1044 2333 inania
1064 2279 1106 2332 ec
1129 2276 1242 2332 vana·

220 2359 371 2434 utilibus
399 2356 674 2451 necellurilsqlre
699 2360 910 2451 secernens,
938 2355 1208 2450 relinquendam
1227 2373 1285 2428 vn

170 2455 172 2460 ’
221 2459 376 2533 nitatem
397 2475 548 2549 monet,
576 2458 610 2531 u
635 2461 737 2532 utilia
761 2457 928 2552 testaque
952 2457 1124 2532 sedanda.
1176 2452 1285 2548 lnspe

224 2558 360 2633 clivum
378 2577 525 2649 quoque
541 2563 662 2633 locum
681 2561 717 2633 in
734 2560 808 2633 hoc
824 2563 949 2633 libello
967 2557 1133 2647 tradidit,
1153 2557 1221 2647 oui
1234 2556 1285 2632 ht·

222 2659 332 2732 betur
344 2657 389 2730 in
403 2660 587 2749 manibus,
612 2656 740 2754 idest,
768 2662 802 2733 in
815 2659 968 2733 Cantico
981 2653 1285 2745 Canticorum,in

225 2778 300 2851 quo
330 2776 490 2831 amorem
512 2756 732 2852 coelestium,
774 2761 1054 2849 divinorumque
1083 2754 1285 2838 desiderium

225 2857 359 2931 incutit
373 2858 496 2931 anime
514 2858 576 2929 sub
593 2857 711 2951 specie
733 2856 866 2953 sponsae
886 2880 926 2932 ac
943 2857 1082 2952 sponsi,
1109 2853 1285 2950 charitatis¹

226 2956 264 3030 ue
287 2957 420 3031 amoris
439 2957 508 3031 viis
530 2959 815 3052 perveniendum
842 2960 979 3032 docens
1000 2957 1045 3031 ad
1069 2953 1285 3040 consortitur

225 3055 311 3133 Dei.
364 3057 449 3132 Hoc
471 3076 565 3130 vero
592 3078 673 3135 eum
692 3079 790 3131 verae
818 3057 1053 3152 philosophiae
1087 3054 1285 3146 fundamen

227 3167 306 3229 tuln
340 3170 571 3250 ponentem,
608 3158 643 3229 dc
677 3159 841 3232 ordinem
877 3156 1167 3250 disciplinarum,
1206 3149 1285 3229 insti

227 3257 486 3348 tutionunrque
513 3257 761 3351 condentem,
797 3259 894 3350 quod
923 3279 999 3332 non
1028 3255 1204 3347 latuerit,
1239 3273 1285 3328 ne

231 3375 301 3446 que
319 3357 363 3427 ab
380 3377 427 3428 eo
442 3354 597 3447 abied'tus
615 3357 658 3430 stt
674 3359 781 3431 etiam
794 3359 978 3431 rationalis
994 3359 1122 3436 locus,
1150 3352 1285 3448 enideo

231 3467 289 3528 ter
300 3454 457 3528 ostendit
472 3455 506 3527 in
522 3456 702 3549 principio
714 3456 829 3532 stetim
847 3459 1127 3554 proverbiorum
1144 3453 1285 3530 suorum

230 3553 354 3627 Primo
377 3554 538 3629 omnium
559 3574 625 3648 per
642 3555 718 3629 hoc
745 3554 886 3650 ipsum,
913 3556 1012 3648 quod
1028 3555 1233 3629 Proverbin
1248 3565 1285 3628 nt

234 3654 397 3727 titulavit
419 3655 578 3728 libellum
598 3652 724 3750 strum,
758 3658 856 3748 quod
877 3657 1003 3748 utique
1021 3676 1159 3729 nomen
1179 3647 1285 3750 fignifi

237 3767 319 3844 cat,
346 3754 440 3826 aliud
459 3754 601 3843 quidem
612 3759 727 3851 palam
748 3756 840 3849 dici,
869 3757 963 3831 aliud
976 3776 1071 3830 vero
1090 3752 1284 3842 intrinseco

234 3851 397 3929 indicari.
447 3853 533 3926 Hoc
549 3856 643 3929 enim
655 3856 692 3928 dt
707 3858 907 3931 communis
922 3855 1002 3933 usus
1023 3855 1285 3951 prouerbiortu

238 3952 374 4046 docet,
400 3953 604 4048 &Joannes
623 3956 661 4029 in
680 3959 871 4052 evangelio
892 3957 1108 4031 salvatorem
1120 3954 1173 4028 ita
1186 3952 1285 4048 scribi

239 4052 441 4128 dicentem:
475 4057 550 4124 Hac
570 4061 608 4125 in
626 4055 806 4152 proverbiis
830 4057 953 4130 locutus
969 4057 1040 4147 sum
1061 4055 1171 4143 volis,
1197 4063 1285 4130 verrit

239 4153 340 4244 hora,
366 4179 435 4224 cum
446 4156 517 4250 jam
538 4178 605 4225 non
625 4161 664 4227 in
680 4155 855 4253 proverbiis
870 4161 980 4253 loquor
998 4156 1110 4227 vodis:
1133 4157 1186 4245 led
1202 4181 1285 4226 nram

233 4250 316 4352 jeflr
333 4255 477 4354 deporta
490 4262 684 4330 marmium
705 4258 805 4352 uobis.
856 4257 945 4335 Haec
961 4257 1104 4334 iuterim
1124 4257 1162 4330 in
1177 4255 1285 4349 ipset

1192 4356 1264 4429 tuli
