2734 4859
329 475 357 502 l
889 477 891 484 Ι
986 507 992 520 Ι

403 621 855 744 nrnjrnrrr.
987 653 1021 668 ··
1131 607 1200 742 eds

131 795 315 894 hujusmodi
325 793 407 886 jani
417 809 547 890 propter
560 727 789 890 opuluso'rum.
838 790 1036 868 Videamus
1050 791 1201 875 &alium

131 899 250 973 adhuc
276 894 442 969 ordinem
468 893 671 988 charitatis,
706 893 781 986 ejus
798 893 993 985 duntaxat,
1021 916 1097 986 quae
1117 919 1201 994 erga

128 997 322 1093 proximos
345 995 469 1068 haberi
491 994 646 1068 videtur.
696 993 733 1066 Si
759 993 800 1067 s1t
813 1015 890 1066 non
909 994 1043 1068 habens
1058 997 1202 1087 quidem

132 1094 292 1170 docendi
314 1096 378 1168 vel
397 1092 589 1167 instruendi
611 1092 781 1190 gratiam,
807 1115 925 1184 neque
947 1095 1099 1168 verbum
1121 1095 1200 1170 Do-

130 1196 212 1271 mini
227 1193 464 1288 praedicandi‚
492 1191 549 1265 sed
559 1207 678 1266 tamen
688 1191 809 1265 sandiae
819 1194 905 1265 vitae
914 1194 984 1277 vir,
1009 1196 1199 1290 innocens,

131 1295 404 1386 immaculatus,
440 1292 557 1385 &qui
575 1293 612 1364 in
630 1283 941 1385 jruiiricationibus
967 1295 1001 1367 dr
1025 1297 1199 1370 mandatis

129 1393 199 1470 Dei
222 1393 446 1492 ingrediatur
467 1392 541 1466 fine
560 1393 723 1483 querela,
751 1393 941 1466 videturne
962 1395 1025 1468 tibi
1044 1397 1201 1476 talishic

129 1497 185 1568 vir
208 1494 249 1568 in
272 1492 404 1568 eodem
427 1491 607 1566 charitatis
633 1493 760 1565 ordine
779 1491 983 1586 habendus,
1021 1516 1093 1586 quo
1115 1496 1198 1590 ille,

131 1594 189 1686 qui
201 1593 439 1668 nihilhorum
458 1589 554 1688 agit?
581 1592 725 1684 quando
743 1592 886 1683 quidem
898 1606 1051 1685 uterque
1076 1598 1201 1687 proxi·

131 1714 208 1768 mus
233 1690 378 1768 dicitur.
429 1690 567 1765 Nonne
595 1691 630 1763 u
656 1692 891 1784 hiepropter
909 1713 1001 1786 opus
1018 1690 1136 1784 suum',
1164 1696 1199 1770 dr

131 1792 217 1866 vitae
242 1792 434 1884 meritum,
459 1789 651 1865 secundum
671 1788 843 1884 Apostoli
864 1790 1014 1884 ddum,
1041 1792 1200 1869 similiter

130 1907 171 1965 ut
187 1893 277 1982 ille,
306 1891 366 1984 qui
384 1891 423 1964 in
441 1894 558 1964 verbo
578 1889 650 1963 Dei
665 1892 830 1983 laborat,
856 1890 1197 1984 superabundantius

132 1991 319 2066 habendus
337 1989 389 2066 est
399 1994 438 2064 in
455 1991 627 2064 charitate
644 2004 796 2085 propter
814 2012 906 2085 opus
921 1993 1006 2064 vitae
1019 1990 1110 2065 suae?
1136 1993 1200 2070 Est

132 2091 248 2164 adhuc
270 2091 368 2164 alius
376 2089 471 2163 ordo
490 2090 683 2165 charitatis.
734 2089 907 2182 Jubernur
923 2095 1016 2164 enirn
1036 2092 1199 2167 &inimi-

134 2211 195 2264 cos
215 2187 365 2264 nosnos
381 2188 538 2285 diligere.
589 2188 660 2262 Sed
679 2189 885 2282 videamus,
911 2191 936 2264 s1
952 2192 1056 2264 etiarn
1071 2192 1107 2264 in
1119 2190 1199 2284 ipsis

133 2309 222 2363 unus
247 2287 345 2364 solus
359 2290 489 2363 modus
509 2287 579 2362 erit
597 2287 817 2381 dileciionis,
854 2311 898 2362 an
916 2291 964 2364 ibi
980 2290 1127 2364 habebit
1145 2293 1200 2366 lo·

133 2409 213 2462 cum
235 2387 352 2462 sermo
377 2387 463 2482 iste,
497 2390 556 2480 qui
568 2388 671 2460 dicit:
701 2390 912 2460 ordinarem
929 2394 1197 2469 mecharitatem.

132 2487 225 2560 Puto
246 2508 350 2587 ergo,
376 2489 473 2580 quod
493 2489 529 2559 in
544 2487 598 2561 his'
615 2488 657 2560 fit
675 2491 769 2563 ordo
785 2489 981 2582 charitatis,
1009 2492 1110 2565 verbi
1124 2515 1200 2588 gra·

133 2591 202 2681 tia,
236 2587 291 2663 est
309 2588 434 2680 aliquis
449 2587 535 2660 mihi
555 2589 738 2679 inimicus,
765 2593 802 2661 in
821 2591 895 2661 aliis
911 2607 1030 2670 tamen
1050 2595 1143 2665 bene
1165 2615 1200 2665 a·

133 2709 234 2783 gens,
259 2687 427 2781 pudicus,
453 2686 606 2779 sobrius,
633 2688 1033 2781 mandataDeiplurima
1045 2707 1200 2784 exparte

134 2787 354 2879 custodiens,
379 2788 415 2860 in
435 2789 608 2878 aliquibus
622 2801 742 2860 tamen
762 2808 899 2880 errans,
922 2803 966 2860 ut
983 2790 1108 2864 homo.
1136 2790 1199 2866 Est

132 2891 232 2968 eiius,
258 2889 320 2979 qui
340 2887 504 2960 inimicus
526 2886 667 2978 quidem
686 2887 727 2959 srt
746 2887 779 2958 dr
800 2888 872 2978 ipse
888 2889 1009 2980 nobis,
1036 2891 1198 2966 tamensr

133 2985 197 3058 suae
216 2988 306 3060 vitae
327 2999 434 3077 atque
456 2988 578 3059 anime
596 2986 779 3077 inimicus,
813 3001 956 3076 paratus
977 2989 1019 3059 ad
1042 2986 1197 3083 scelera,

132 3107 293 3181 praeceps
311 3085 353 3158 ad
366 3085 513 3181 flagitia,
538 3086 625 3158 nihil
639 3083 758 3174 sandi,
786 3087 1034 3181 nihisreligiosr
1049 3089 1197 3181 ducens,

132 3208 205 3260 non
236 3187 303 3259 tibi
327 3184 475 3258 videtur
495 3184 599 3257 etiarn
621 3184 715 3257 inter
737 3185 831 3278 ipsos
850 3186 1014 3259 inimicos
1039 3188 1198 3278 quaedam

134 3286 318 3360 diversitas
335 3283 498 3358 habenda
517 3283 725 3356 charitatis?
752 3283 845 3356 Puto
862 3286 1015 3376 quidem,
1044 3287 1140 3379 quod
1152 3309 1198 3360 ex

132 3385 182 3457 his
206 3382 291 3458 satis
315 3384 492 3478 patuerit,
526 3381 594 3454 esse
616 3384 689 3457 vim
706 3384 847 3482 quidem
865 3384 1045 3457 charitatis
1068 3408 1197 3480 unam,

133 3487 260 3558 multas
283 3498 403 3557 tamen
422 3483 556 3556 habere
579 3481 717 3570 causas,
744 3484 778 3554 dr
797 3485 930 3556 multos
953 3486 1097 3559 ordines
1121 3486 1198 3561 dili·

135 3583 252 3679 gendi,
280 3583 316 3654 dr
333 3596 483 3675 propter
499 3582 572 3654 hoc
587 3602 682 3654 nunc
700 3583 818 3655 dicere
831 3582 1010 3674 sponsam:
1040 3589 1199 3659 ordinare

134 3689 168 3753 in
180 3683 446 3773 mecharitatem,
472 3683 545 3754 hoc
560 3681 622 3771 est,
650 3680 782 3753 docete
800 3704 858 3753 me
874 3681 1034 3755 diversos
1052 3686 1197 3760 ordines

106 3861 110 3868 ,
136 3783 328 3858 charitatis.
379 3782 493 3875 Quod
515 3780 539 3852 fi
559 3780 674 3854 adhuc
691 3781 890 3854 addendum
916 3782 969 3854 his
993 3786 1123 3877 aliquid
1144 3787 1199 3857 vi·

93 3921 96 3926 ·
138 3883 258 3973 detur,
284 3878 467 3974 possumus
486 3879 521 3952 dr
538 3879 625 3953 iilud
642 3880 678 3953 in
695 3879 849 3954 medium
870 3901 888 3952 a
940 3904 1069 3975 urere,
1097 3885 1197 3975 quod

83 3975 97 4080 i.
138 3985 181 4054 ait
203 3980 424 4074 Apostolus:
460 3983 558 4063 Viri,
588 3980 844 4072 diligiresuxores
864 4003 903 4051 ve
946 4010 981 4054 as
1005 3983 1094 4056 ficut
1117 4005 1196 4055 cor·

83 4085 85 4092 '
138 4101 222 4170 pora
237 4079 377 4167 vestra,
394 4077 480 4175 ficui
497 4079 637 4174 ceruus
656 4080 771 4149 dilexit
785 4081 943 4167 ecclefiam.
994 4084 1092 4178 Quid
1107 4104 1194 4178 ergo

138 4181 267 4252 debent
289 4179 433 4271 quidem
457 4175 526 4256 vir'i
545 4199 679 4251 uxores
700 4178 775 4250 suas
801 4179 967 4276 diligere,
994 4183 1077 4255 alias
1102 4203 1195 4255 vero

140 4279 300 4357 muneres
315 4301 395 4355 non
411 4277 546 4354 debent
558 4279 707 4454 omnino
722 4279 867 4378 diligere
880 4284 917 4356 in
929 4280 1200 4460 omnicastingue

82 4393 86 4532 Ι
680 4397 710 4471 ³
927 4477 935 4486 ·
