2734 4859
187 506 190 512 .
437 493 445 524 ,
595 493 605 506 ,

124 575 127 580 ’
172 651 244 708 100
295 617 618 710 onionnisin
644 617 923 737 catumeum
950 619 1155 702 cnunc.

186 781 1215 842 Ν--ῄ-Ε--πῧ

104 1229 110 1254 ἢ
332 1031 1069 1176 ouiouuis

171 1274 694 1474 lblCANTlCUM-
715 1273 1215 1448 CANTICORUR

253 1585 256 1594 ,
396 1457 1006 1586 iipnneninius.

207 1627 210 1632 Ι
256 1678 399 1765 [culillis
417 1703 465 1750 iiic
484 1678 526 1749 ab
551 1676 650 1767 osculo
666 1680 732 1747 orii
749 1675 813 1766 [iii.
863 1651 1065 1752 Meminisse
1078 1687 1215 1771 -op'ortt

267 1780 388 1874 illud,
414 1779 515 1871 quod
538 1777 575 1851 in
592 1775 805 1873 prefatione
829 1780 1128 1871 praemonuimus,
1157 1783 1215 1870 qui

169 1879 313 1953 libellus
329 1879 390 1953 hic
405 1878 632 1971 Epithalamii
652 1879 788 1950 habens
810 1875 985 1968 speciem,
1011 1877 1178 1954 dramatis
1201 1879 1214 1954 i

166 1979 315 2054 modum
342 1976 593 2052 conscribitur.
645 1975 778 2052 Drama
800 1991 917 2052 autem
938 1975 1037 2069 esse,
1064 1978 1215 2054 diximus

167 2078 231 2151 ubi
244 2093 352 2154 certae
371 2076 533 2171 personae
545 2075 848 2166 introducuntur,
873 2097 951 2167 quae
966 2078 1186 2174 loquuntur,
1206 2081 1215 2149 l

169 2179 245 2250 aliae
263 2179 444 2252 interdum
464 2175 744 2270 superveniunt,
771 2175 846 2248 aliae
866 2176 1068 2269 recedunt,
1100 2193 1164 2250 aut
1185 2200 1215 2254 ai

170 2278 324 2365 cedunt,
351 2277 446 2350 &sic
470 2291 590 2348 totum
609 2275 925 2370 immutationibus
943 2277 1057 2371 agitur
1073 2279 1215 2368 person'i

171 2398 262 2450 rum.
314 2375 402 2448 Haec
425 2395 512 2471 ergo
530 2378 598 2448 erit
621 2374 736 2446 totius
760 2376 867 2447 libelli
885 2374 1039 2467 species,
1068 2374 1215 2450 &secui

174 2476 259 2548 dum
277 2473 369 2547 hanc
388 2494 455 2569 pro
481 2475 616 2547 viribus
636 2472 804 2547 historica
825 2497 844 2546 a
862 2476 967 2548 nobis
983 2477 1163 2570 aptabitur
1181 2499 1215 2550 ei

172 2573 318 2668 positio.
371 2573 547 2669 spiritalis
575 2593 666 2646 vero
688 2576 922 2670 intelligentia
949 2573 1139 2649 secundum
1166 2578 1215 2652 ho

171 2672 431 2754 nihilominus,
459 2673 558 2764 quod
576 2671 613 2744 in
629 2674 840 2765 praesatione
858 2675 1089 2770 signavimus,
1117 2678 1178 2750 vel
1197 2678 1215 2751 d

173 2773 321 2848 ecclesia
347 2774 391 2845 ad
419 2771 625 2864 Christum,
653 2771 715 2847 sub
735 2772 868 2865 sponse
891 2776 949 2844 vel
971 2772 1084 2866 sponsi
1107 2778 1215 2849 titulo

171 2876 233 2947 vel
256 2873 300 2946 de
320 2873 444 2946 animae
462 2894 541 2944 cuin
561 2873 690 2944 Verbo
705 2871 775 2945 Dei
795 2872 1049 2963 conjunslione
1066 2875 1215 2971 dirigito:

170 2970 418 3047 Introducitur
446 2992 532 3067 ergo
554 2992 651 3042 nunc
676 2993 741 3063 per
765 2965 920 3045 hi'storiae
943 2971 1092 3067 speciem
1114 2974 1215 3067 spons

173 3073 353 3164 quaedam,
381 3093 458 3162 quae
477 3069 626 3163 suscepit
645 3072 801 3162 quaedam
819 3069 1073 3164 sponsaliorum
1093 3072 1215 3148 &doti

109 3173 112 3178 ’
171 3175 281 3244 titulo
307 3172 495 3267 digniffina
518 3190 666 3242 munera
688 3174 732 3243 ab
760 3170 889 3263 sponso
913 3172 1152 3246 nobilissmo:
1181 3174 1215 3247 se

171 3271 328 3366 plurimo
352 3286 517 3363 tempore
542 3290 679 3343 moram
699 3270 855 3343 faciente
874 3268 1023 3364 sponso,
1056 3270 1215 3347 sollicitat

172 3393 250 3444 uam
270 3369 444 3443 desiderio
471 3370 600 3441 amoris
624 3367 704 3463 sui,
732 3367 917 3444 &confici
935 3372 1115 3462 jacentem
1139 3372 1215 3447 don

171 3468 265 3562 suae,
293 3482 455 3564 agentem
482 3471 629 3559 omnia,
657 3483 831 3558 quatenus
853 3469 957 3561 possit
974 3471 1165 3562 aliquando
1186 3495 1212 3544 v

173 3571 258 3641 dere
283 3565 446 3661 sponsum
466 3565 587 3657 suum,
614 3580 721 3658 atque
746 3566 874 3641 osctuis
892 3569 968 3659 eJus
992 3570 1072 3645 frui.
1127 3575 1215 3742 (Ξυω

173 3670 342 3760 quoniam
369 3688 437 3739 nec
459 3665 595 3738 differri
617 3687 774 3742 amorem
798 3667 924 3750 suum,
955 3690 1025 3742 nec
1040 3670 1133 3762 adipi
1151 3672 1182 3743 ci
1204 3672 1215 3745 s

171 3765 296 3862 posse,
323 3766 421 3856 quod
437 3766 629 3857 desiderat,
656 3766 779 3859 videt,
794 3782 988 3841 convertat
998 3767 1031 3842 se
1046 3769 1088 3842 ad
1103 3773 1215 3844 oratic

169 3889 277 3956 nem,
305 3865 339 3938 δι
372 3863 547 3958 supplicet
580 3864 693 3959 Deo,
721 3866 863 3960 sciens,
883 3887 965 3941 euin
1000 3885 1139 3962 patrem
1167 3869 1215 3944 esl

171 3965 289 4059 sponsi
304 3964 365 4038 sui.
393 3963 664 4068 Consideremus
683 3986 771 4060 ergo
792 3986 891 4058 eam,
911 3968 1094 4042 levantem
1105 3966 1215 4044 sanita

170 4071 296 4141 manus
316 4065 387 4138 sine
403 4064 504 4135 ira&
527 4063 786 4156 disceptatione
803 4068 837 4138 in
862 4066 987 4138 liabitu
1003 4081 1137 4141 ornato
1156 4091 1215 4145 cui

171 4163 445 4256 verecundia&
466 4161 689 4256 sobrietate,
724 4178 886 4238 ornatam
912 4166 1110 4262 dignissimis
1135 4190 1215 4241 orni

170 4266 316 4362 mentis,
332 4262 589 4359 quibusornari
603 4263 710 4341 decet
720 4265 881 4342 nobilem
892 4262 1069 4361 sponsam:
1095 4265 1215 4343 aestuai

1035 4446 1040 4456 ,
1109 4382 1186 4448 tem
