2734 4859
104 182 1238 416 —

537 269 543 278 a

1111 409 1114 418 .

406 457 409 466 .

90 604 96 618 ·-
165 582 242 674 aa
287 569 523 652 omoxms
546 571 603 652 ru
629 567 904 696 caunum
928 540 1131 676 cnunc.
1216 523 1220 643 J

82 753 104 822 ,’
160 741 258 833 hec,
285 761 362 832 quae
381 736 479 828 fusca
495 737 558 812 vel
576 737 677 835 nigra
695 735 746 812 est
763 736 796 810 dr
813 736 991 833 formosa,
1018 737 1222 816 satisfacere

162 842 308 913 videtur
334 849 403 933 pro
423 837 607 935 nigredine
627 836 689 911 vel
707 835 906 913 fuscatione
921 838 1003 934 sua,
1029 837 1221 932 causasque

160 941 311 1016 reddere
330 938 651 1032 exprobrantibus,
678 937 772 1029 quasi
792 958 869 1032 quae
890 959 966 1013 non
982 953 1108 1014 natura
1124 943 1219 1034 talis,

160 1062 231 1114 nec
253 1042 303 1113 ita
325 1061 346 1114 a
370 1038 564 1112 conditore
589 1049 709 1112 creata
729 1036 792 1131 srt,
827 1031 951 1112 sederi
975 1038 1221 1116 accidentibus

160 1140 234 1216 hoc
255 1137 348 1235 passa
369 1138 423 1214 srt.
474 1135 616 1231 Exeo,
643 1137 781 1230 inquit,
808 1140 888 1231 quia
908 1134 960 1212 sol
978 1135 1140 1234 despexit
1150 1164 1220 1219 me.

155 1239 202 1316 ln
222 1261 294 1331 quo
314 1236 491 1329 ostendit,
516 1236 652 1312 nonde
670 1236 855 1333 nigredine
872 1235 1132 1331 corporisfieri
1155 1238 1226 1315 ser·

159 1361 327 1429 monem,
363 1338 462 1430 quod
484 1321 608 1429 utiq'ue
627 1335 680 1411 fol
700 1334 889 1410 obscurare
907 1337 1143 1435 &denigrare
1166 1340 1221 1414 so-

160 1441 232 1534 let,
260 1460 340 1513 cum
358 1436 502 1532 respicit
521 1438 646 1534 magis,
673 1456 776 1529 quarn
792 1457 872 1512 cum
887 1435 1045 1530 despicit
1094 1438 1149 1513 lta
1162 1441 1223 1514 de·

159 1540 269 1631 nique
284 1537 318 1611 dc
333 1538 427 1631 apud
438 1538 533 1612 illam
550 1557 694 1611 omnem
708 1551 852 1632 gentem
860 1535 1074 1632 AEthiopum
1083 1538 1222 1633 ferunt,

111 1696 116 1710 .
159 1641 216 1713 cui
234 1637 403 1711 naturalis
420 1636 578 1730 quadan
595 1635 685 1712 inest
700 1657 748 1739 ex
767 1635 904 1710 seminis
922 1638 1071 1711 carnalis
1088 1635 1223 1714 succes-

159 1740 259 1813 srone
275 1737 448 1834 nigredo,
474 1736 572 1829 quod
587 1737 623 1810 in
638 1737 707 1809 illis
723 1735 814 1809 locis
831 1734 884 1809 sol
899 1737 1003 1811 radiis
1022 1737 1222 1814 acrioribus

158 1839 322 1928 ferveat,
356 1837 389 1909 dr
413 1836 532 1909 adusta
545 1837 615 1929 jam
634 1834 741 1911 semel
755 1850 862 1929 atque
876 1835 1047 1912 infuscata
1062 1858 1222 1929 corpora

157 1939 301 2036 genuini
318 1937 396 2009 vitii
412 1934 627 2012 successione
641 1937 893 2029 permaneant.¹
936 1935 1116 2011 Contrarii
1129 1958 1223 2012 vero

158 2038 296 2112 ordinis
320 2035 372 2110 est
388 2039 511 2110 animae
527 2037 691 2133 nigredo.
741 2033 836 2109 Nam
853 2056 971 2129 neque
985 2036 1137 2131 aspectu,
1164 2035 1225 2113 sed

159 2134 324 2233 despecbu
335 2133 418 2209 solis
432 2136 600 2227 inuritur,
619 2156 744 2236 'neque
756 2133 950 2227 nascende,
975 2135 1223 2234 sednegligen·

161 2238 212 2310 do
230 2236 475 2328 conquiritur:
502 2225 639 2309 u'ideo
656 2233 1101 2331 ficutssignaviaarrunitun
1127 2237 1228 2312 ita&

157 2336 328 2412 industria
344 2321 530 2427 repellitur
545 2334 579 2407 dc
594 2334 803 2430 repulsatur.
855 2335 1038 2429 Denique,
1065 2351 1107 2409 ut
1123 2335 1224 2431 supe·

156 2440 230 2511 rius
254 2434 347 2528 dixi,
374 2435 450 2509 haec
470 2432 562 2529 ipsa,
590 2456 776 2526 quaenunc
799 2436 898 2530 nigra
917 2436 1046 2510 dicitur
1067 2435 1156 2530 elle,
1183 2440 1223 2514 in

158 2530 231 2612 fine
254 2536 394 2606 Cantici
425 2537 529 2625 hujus
554 2535 740 2627 dealbata,
767 2552 986 2608 memoratur
1011 2535 1224 2630 ascendere,

157 2637 370 2710 incumbens
395 2637 497 2728 super
521 2633 717 2708 fraternum
741 2633 851 2707 suum.
904 2633 1040 2709 liffefta
1066 2636 1116 2709 est
1134 2657 1225 2733 ergo

157 2738 271 2830 nigra,
299 2736 380 2825 quia
395 2731 596 2808 descendit:
622 2736 778 2809 srautem
796 2738 945 2829 coeperit
961 2734 1164 2829 ascendere,
1189 2738 1225 2811 dc

155 2837 364 2909 incumbere
390 2835 495 2925 super
521 2835 717 2910 fraternum
747 2832 868 2928 suum,
902 2835 935 2909 u
963 2837 1140 2908 adhaerere
1163 2837 1223 2929 ei,

156 2956 230 3011 nee
244 2936 393 3009 omnino
416 2932 564 3028 separari
580 2938 623 3008 ab
642 2956 713 3028 00,
742 2936 811 3008 erit
826 2936 988 3009 dealbata
1004 2935 1037 3008 u
1053 2936 1223 3009 candida:

158 3034 365 3126 abjeeiaqire
381 3037 479 3108 omni
496 3036 701 3132 nigredine,
728 3036 806 3108 veri
821 3036 960 3109 luminis
975 3038 1056 3109 luce
1072 3039 1226 3109 circum-

156 3134 231 3210 fusa
254 3136 416 3209 radiabit.
467 3135 569 3207 Dicit
590 3139 679 3229 ergo
703 3156 799 3214 nunc
825 3136 866 3206 ad
888 3133 976 3209 filias
1000 3134 1222 3212 Hierusalem

155 3256 226 3331 pro
249 3235 434 3329 nigredine
463 3233 529 3307 sua
544 3233 778 3309 satisfaciens:
811 3234 902 3308 Non
927 3239 1061 3328 putetis
1086 3257 1110 3308 o
1139 3232 1223 3307 filiae

156 3334 390 3425 Hierusalem,
417 3338 515 3426 quod
527 3337 696 3409 naturalis
715 3335 765 3408 est
780 3333 842 3408 ista
857 3335 1022 3431 nigredo,
1049 3356 1152 3425 quam
1166 3335 1222 3406 vi·

157 3434 250 3508 detis
271 3436 308 3506 in
329 3437 434 3506 vultu
453 3457 555 3509 meo:
593 3433 652 3508 sed
676 3433 828 3526 scitote,
863 3436 1032 3526 quoniam
1054 3432 1221 3529 despeuu

155 3530 240 3607 solis
258 3530 308 3605 est
322 3531 423 3607 frua.
471 3536 535 3608 Sol
553 3539 645 3608 eninr
660 3534 823 3627 justitiae,
851 3535 932 3625 quia
949 3558 1006 3610 me
1024 3556 1099 3608 non
1119 3537 1222 3607 inve-

155 3634 212 3708 nit
226 3630 319 3704 rede
336 3631 503 3725 flantem,
535 3656 604 3708 nec
621 3633 694 3728 ipse
713 3637 750 3708 in
767 3658 825 3709 me
844 3635 961 3709 reuss
981 3636 1110 3709 direxit
1130 3636 1221 3707 lucis

119 3739 122 3744 ’
157 3730 224 3806 fuae
248 3732 379 3807 radios.
441 3731 523 3833 Ego
546 3738 640 3809 enim
665 3733 738 3808 sum
762 3738 919 3829 populus
941 3737 1125 3831 gentium,
1161 3736 1222 3825 qui

155 3835 253 3929 prius
275 3853 350 3905 non
369 3831 484 3928 aspexi
501 3836 544 3910 ad
564 3833 674 3909 solem
686 3833 842 3927 justitiae,
867 3856 936 3908 nec
952 3835 1031 3908 steti
1047 3850 1130 3907 ante
1142 3833 1220 3906 Do-

155 3936 307 4009 minum:
334 3934 465 4009 &ideo
481 3958 549 4011 nec
563 3937 623 4008 ille
637 3955 695 4008 me
710 3932 857 4027 aspexit,
885 3935 942 4008 sed
960 3933 1132 4027 despexiu
1160 3956 1223 4018 ne,-

158 4054 227 4124 que
248 4035 355 4108 astitit
370 4037 475 4125 mihi,
507 4035 564 4109 sed
585 4036 767 4130 praeteriit.
818 4032 903 4106 Hoc
924 4050 1041 4108 autem
1064 4036 1113 4105 ita
1130 4032 1222 4127 elle,

160 4136 268 4212 etiam
294 4148 359 4233 tu,
392 4140 452 4229 qui
472 4135 576 4212 lilael
594 4134 746 4231 diceris,
777 4152 817 4206 re
837 4132 910 4227 ipsa
925 4148 1116 4248 expertus,
1148 4135 1222 4268 jagn

1026 4255 1172 4327 Jamque
