2734 4859
506 607 754 686 tinnis
803 607 832 691 1.
1125 561 1240 716 Μ’

143 769 353 872 Ιορδοῑὶοι
369 767 406 844 dr
422 769 583 866 perfesta
605 794 725 847 mens:
754 778 797 844 Os
815 798 917 846 mesni
936 779 1066 872 aperiri,
1091 776 1131 854 σ
1153 798 1209 852 ai-¹

144 879 222 944 nui
242 873 419 968 spirirum.
471 869 526 944 Os
551 885 669 970 autem
692 871 806 966 sponsi
834 874 1065 970 intelligimus
1089 881 1203 952 virtu·
1259 903 1265 912 ·

144 967 205 1048 te‘m
221 971 325 1066 Dei,
354 991 425 1064 qua
448 970 625 1046 illuminat
649 990 827 1067 mentem,
854 980 886 1048 di
917 979 1018 1048 velut
1038 974 1202 1052 sermone

142 1073 293 1166 modam
316 1072 450 1146 amoris
475 1070 612 1145 adeam
641 1071 763 1164 fasso,
791 1075 953 1147 litamen
974 1096 1104 1166 capere
1129 1099 1201 1151 me·

140 1187 253 1246 rentur
272 1185 390 1244 tantae
411 1171 557 1244 virtutis
581 1171 823 1265 praesentiam,
848 1176 1033 1268 incognita
1053 1196 1202 1266 quaeque

140 1271 415 1346 ibibobscura
429 1269 647 1364 manifestat,
672 1273 788 1345 &boc
805 1271 854 1346 e'st
865 1271 1009 1363 uerius,
1037 1278 1202 1366 propius·
1229 1351 1231 1356 ,

140 1391 219 1464 que,
246 1371 287 1444 dr
303 1367 453 1444 sandius
474 1370 655 1464 osculum,
683 1373 815 1464 quoda
836 1371 965 1465 sponso
985 1373 1053 1445 Dei
1075 1379 1196 1446 verbo

180 1471 270 1570 rrigi
289 1469 425 1552 dicitur
439 1464 600 1564 sponsae,
633 1492 729 1565 pura
751 1471 885 1568 scilicet
899 1472 1042 1564 anima,
1069 1471 1200 1564 &pcr-

138 1493 242 1648 ffi,
300 1567 415 1660 Cujus
434 1569 487 1642 rei
513 1573 628 1668 imago
652 1571 702 1644 est
726 1571 813 1642 illud
830 1573 1016 1660 osculum,
1045 1572 1141 1662 quod
1162 1574 1199 1645 iu

138 1671 283 1748 ecclesa
298 1667 365 1742 sub
386 1682 550 1762 tempore
566 1659 945 1762 mysteriorum'nobis
964 1671 1121 1742 invicem
1141 1669 1199 1742 da·

137 1793 217 1846 siin.
273 1771 438 1866 Quoties
457 1791 543 1866 ergo
565 1771 602 1844 in
630 1770 894 1844 corde.nostro
919 1768 1072 1861 aliquid,
1098 1768 1198 1859 quod

138 1857 330 1946 dedivinis
350 1869 575 1966 dogmatibus
597 1867 821 1962 sensibusque
844 1869 1034 1960 quaritur,
1062 1871 1198 1957 absque

136 1969 380 2046 monitoribus
400 1969 623 2060 invenimus,
650 1971 761 2056 toties
781 1969 901 2044 oscula
921 1971 1028 2041 nobis
1051 1969 1132 2038 data
1149 1963 1199 2039 es·

138 2067 202 2162 ira
216 2065 359 2164 sponso
375 2065 444 2143 Dei
459 2072 574 2144 verbo
591 2071 787 2145 credamus.
840 2069 913 2142 Ubi
933 2088 1026 2140 vero
1041 2086 1206 2158 quaren=

135 2169 332 2262 totaliquid
345 2167 392 2242 de
406 2169 537 2243 divinis
551 2169 724 2264 sensibus,
741 2172 905 2244 invenire
918 2189 991 2240 non
1002 2163 1198 2260 possumus,

136 2283 211 2346 tine
227 2265 370 2342 affeetu
386 2267 490 2361 hujus
510 2271 683 2342 orationis
704 2267 878 2360 assumpto
896 2279 1057 2364 petamus
1075 2287 1094 2338 a
1109 2265 1195 2358 Deo
1211 2337 1213 2344 .

133 2371 379 2470 visitationem
401 2371 502 2442 verbi
524 2371 621 2463 ejus,
647 2370 682 2442 u
704 2370 885 2442 dicamus:
914 2365 1133 2458 Osculeiirmq
1155 2365 1194 2435 ab

134 2471 220 2562 isal·
233 2475 309 2542 oris
318 2467 387 2556 sui,
438 2468 513 2541 Scit
529 2483 647 2542 autem
661 2485 764 2563 pater
778 2469 1058 2559 uniuscujusque
1070 2467 1193 2538 animae

91 2567 98 2612 '²
134 2573 395 2668 capacitatem,
428 2568 461 2641 br
483 2571 618 2661 novit,
653 2590 726 2659 quo
747 2575 939 2662 ternpore,
968 2569 1024 2638 cui
1044 2568 1192 2657 animae,

132 2691 202 2763 que
223 2667 357 2742 oscula
378 2669 480 2741 verbi
502 2665 550 2740 sui
569 2672 752 2766 porrigere
778 2671 815 2740 in
835 2670 1070 2740 intellectibus
1096 2666 1192 2738 duin-

132 2785 223 2844 tixat
240 2765 452 2842 &sensibus
471 2767 609 2843 debeat.

170 2875 299 2964 ¹Quin
324 2873 405 2940 bona
419 2869 499 2956 sum
523 2870 614 2940 ubera
636 2885 694 2940 tua
703 2865 800 2964 super
823 2872 958 2949 uinum,
986 2863 1025 2941 (5
1045 2866 1116 2934 odor
1133 2889 1192 2933 uii-

129 2989 321 3066 germiorum
337 2985 465 3039 tuorum
481 2971 683 3064 superomnia
698 2981 851 3043 aromata.
903 2965 1067 3059 lntellige
1081 2965 1193 3056 prius,

131 3069 217 3162 quasi
243 3071 284 3142 in
306 3065 466 3142 historie
485 3069 642 3140 dramate
663 3065 823 3158 sponsam
842 3067 993 3138 elevatis
1016 3065 1058 3135 ad
1076 3065 1193 3136 Deum

129 3173 291 3244 nauibus
315 3171 520 3242 orationem
540 3165 662 3240 fudisse
684 3165 727 3239 ad
745 3179 908 3258 patrem,
936 3164 968 3235 dr
991 3161 1124 3254 orasse,
1151 3178 1193 3235 ut

128 3270 191 3362 iim
209 3268 365 3343 veniret
385 3268 429 3340 ad
450 3290 526 3340 eain
543 3259 711 3360 sponsus,
738 3263 857 3359 &ipse
875 3266 908 3337 ei
931 3264 1089 3335 osculum
1110 3282 1194 3354 pro·

129 3373 190 3462 prii
208 3371 290 3440 oris
310 3365 527 3440 infunderet.
579 3366 749 3456 Dumque
761 3365 837 3438 liaec
850 3379 973 3436 oraret
986 3364 1027 3434 ad
1039 3377 1192 3454 patrem,

128 3471 160 3542 in
177 3467 254 3564 ipsa
274 3468 469 3556 oratione,
495 3486 563 3556 qua
579 3466 686 3537 dixit:
716 3465 882 3553 osculatur
898 3491 944 3532 me
961 3467 1000 3531 ab
1014 3465 1111 3545 osculo
1128 3467 1193 3531 oris

127 3571 187 3656 ssi,
215 3581 344 3662 parat,
370 3570 477 3640 etiam
492 3566 557 3637 alia
573 3566 749 3637 orationis
767 3567 878 3636 verba
894 3561 1124 3656 subjungere,
1152 3581 1193 3630 ac

127 3670 267 3758 dicere,
296 3667 379 3757 quia
399 3666 436 3738 in
451 3667 524 3738 hoc
539 3663 717 3758 principio
735 3661 904 3735 sermonis
922 3660 1075 3732 affuisset
1090 3657 1193 3750 spon·

124 3769 197 3858 sus,
226 3767 262 3840 dt
286 3766 407 3838 oranti
429 3765 462 3838 ei
491 3761 668 3855 astitisset,
696 3785 737 3834 ac
760 3759 951 3850 revelasset
974 3761 1085 3832 verba
1111 3756 1192 3849 sua,

125 3867 310 3960 ipsumque
321 3863 487 3958 sponsum
504 3864 694 3960 unguentis
708 3857 879 3948 mirificis,
901 3860 1076 3949 &quibus
1092 3854 1194 3948 spon-

127 3965 197 4040 sum
210 3965 373 4065 fragrare
390 3964 566 4053 decebat,
587 3957 782 4035 constitisse
797 3961 1006 4032 delibutum.
1059 3950 1195 4047 Sponsa

130 4089 243 4158 vero,
268 4067 330 4140 ubi
350 4061 467 4138 adesse
485 4062 580 4134 vidit
595 4083 698 4152 euin,
723 4080 791 4152 pro
817 4079 889 4148 quo
908 4058 1056 4145 orabat,
1084 4068 1124 4124 ut
1138 4052 1195 4122 ad·

131 4165 233 4256 esset,
261 4165 424 4239 &adhuc
440 4163 607 4253 loquenti
621 4159 682 4234 fibi
702 4155 914 4255 praestitum,
944 4154 1040 4246 quod
1053 4153 1195 4240 orabat,

135 4287 173 4340 sc
188 4268 269 4342 data
283 4269 346 4344 sibi
357 4269 403 4340 ab
418 4259 498 4360 ipso
510 4259 658 4430 oscula&
677 4280 757 4448 quae
769 4254 1013 4383 poposcerat,
1038 4253 1197 4439 laffogio
