2734 4859
448 217 905 330 enonooue
1178 268 1227 354 ῃ

148 412 285 490 letalis:
314 435 385 484 non
412 413 545 486 occider:
570 411 785 507 nonfurtum
804 416 929 509 facies:
955 441 1021 488 mn
1035 418 1159 512 fuissem
1177 437 1225 494 u.

142 515 328 616 ¹simonium
349 515 451 602 lices,
475 515 510 586 dt
532 511 557 586 fi
584 515 683 605 quod
703 516 798 590 aliud
820 516 1053 613 mandatum,
1087 522 1124 593 in
1145 521 1221 598 hoc

149 617 257 694 verbo
274 613 522 706 restauratur,
549 615 681 706 inquo
706 618 773 689 ait:
803 619 925 709 Diliges
934 622 1114 714 proximum
1126 635 1220 700 turm

145 709 215 814 far
233 714 404 812 reipsum,
441 713 539 805 quod
564 714 637 787 hoc
655 716 770 790 modo
793 714 930 790 facilius
952 719 1218 810 explanabitur.v

125 819 128 828 '
150 812 323 890 Pooomus
348 814 454 888 verbi
475 809 602 914 causa,²
627 817 813 904 mulierem
837 836 961 891 amore
979 819 1127 909 alicujus
1145 820 1218 896 viri

148 915 354 1006 udeutem,
382 913 659 1007 cupientemque
679 915 716 989 in
737 911 962 991 consortium
978 918 1054 1008 ejus
1074 916 1216 1014 ascisci,

143 1035 262 1090 noune
277 1014 409 1090 omnia
426 1015 596 1110 irroget,
629 1014 804 1089 &omnes
825 1027 946 1089 'motus
965 1015 1046 1089 suos
1060 1019 1110 1090 ita
1126 1031 1218 1106 tem,-

141 1115 303 1208 potabit,
331 1127 378 1186 ut
396 1112 463 1188 scit
482 1115 534 1188 illi
551 1115 713 1207 placere,
742 1137 845 1206 quem
863 1115 998 1210 diligit,
1026 1138 1073 1188 ne
1092 1116 1213 1211 forte,

139 1204 222 1290 iio
244 1215 375 1306 aliquo
395 1225 524 1288 contra
541 1217 768 1288 voluntatem
787 1216 878 1288 illius
901 1217 1038 1311 egerit,
1068 1212 1215 1318 consor·

140 1311 187 1388 tia
200 1315 282 1408 ejus
298 1314 363 1387 vir
378 1313 441 1388 ille
460 1311 617 1408 optimus
632 1316 769 1388 refutet
785 1328 891 1407 atquc
908 1313 1079 1406 spernat?
1106 1314 1216 1388 Pote-

138 1413 231 1488 rime
254 1415 339 1488 haec
357 1414 509 1506 mulier,
535 1433 612 1506 quae
635 1435 719 1510 erga
741 1436 898 1490 amorem
921 1415 987 1487 viri
1009 1417 1101 1487 illius
1126 1429 1214 1488 toto

140 1513 390 1610 eorde‚·tota
400 1515 537 1608 anima,
563 1514 724 1607 totisque
746 1514 882 1586 viribus
903 1513 1051 1607 fervet,
1077 1529 1139 1586 aut
1155 1514 1215 1586 ad-

139 1615 311 1688 ulterium
328 1613 586 1706 committere,
612 1611 787 1704 quaeum
806 1612 959 1688 noverit
972 1631 1092 1688 amare
1111 1613 1215 1707 pudi-

140 1711 290 1788 duam?
323 1726 389 1788 aut
407 1711 659 1807 homicidium,
687 1733 764 1806 quae
785 1735 867 1788 eum
884 1713 1036 1788 noverit
1059 1710 1213 1787 mitem?

139 1825 199 1888 nt
215 1811 391 1902 furtum,
422 1831 499 1903 quae
521 1814 554 1885 ei
572 1810 657 1885 sciat
673 1814 923 1888 liberalitatem
948 1810 1124 1907 placere?
1150 1823 1214 1886 aut

139 1909 381 2008 concupiscet
396 1912 536 2004 aliena,
564 1932 642 2004 quae
661 1935 789 1988 omnes
807 1914 882 1986 suas
902 1911 1213 2007 concupiscentias

136 2031 221 2112 erga
246 2031 416 2088 amorem
436 2011 506 2083 viri
527 2011 621 2085 illius
645 2014 777 2087 habeat
795 2010 1021 2104 occupatas?
1048 2011 1108 2084 Sic
1121 2031 1212 2107 ergo

138 2113 174 2186 in
192 2110 388 2186 charitatis
402 2109 651 2204 perfectione,
679 2112 712 2186 dr
731 2132 838 2185 omne
856 2112 1061 2186 mandatum
1080 2109 1213 2184 restau-

106 2243 110 2282 ;
137 2213 204 2294 rari
223 2213 388 2293 diritur,
413 2209 546 2307 &legis
564 2211 680 2286 virtus
698 2214 1030 2306 prophetarumque
1040 2211 1212 2304 pendere.

136 2309 299 2406 Propter
324 2308 419 2384 illud
450 2311 632 2384 charitatis
657 2312 719 2384 vel
743 2313 873 2385 amoris
900 2310 1071 2404 bonum,
1105 2307 1214 2384 sandli

134 2431 203 2490 nec
229 2413 271 2485 in
295 2411 533 2484 tribulatione
555 2410 825 2506 angustiantur,
856 2431 926 2483 nec
953 2411 1104 2506 aporiati
1130 2431 1213 2483 exa·

135 2513 368 2604 poriantur,
392 2529 461 2582 nec
486 2508 612 2600 dejecti
638 2524 818 2604 pereunt,
853 2508 912 2583 sed
938 2511 1036 2601 quod
1062 2511 1097 2581 in
1125 2529 1214 2600 prae-

131 2607 221 2686 senti
245 2609 304 2684 est
323 2611 664 2682 momentaneum&
686 2612 793 2692 leve,
819 2610 1064 2682 tribulationis
1083 2628 1212 2683 eorum

132 2709 421 2806 supramodum
446 2723 617 2782 aeternum
645 2711 769 2805 gloriae
801 2710 944 2801 pondus
973 2724 1145 2801 operatur
1171 2708 1213 2781 il·

130 2811 185 2886 lia.
239 2809 341 2884 Non
374 2808 467 2880 enim
500 2808 689 2901 omnibus,
717 2809 775 2882 scd
804 2809 939 2900 Paulo,
974 2807 1007 2879 &
1039 2808 1117 2900 his,
1152 2809 1215 2898 qui

129 2911 170 2988 el
197 2909 338 2986 srmiles
374 2905 478 2999 sunt,
517 2908 668 2998 praesens
706 2909 780 2980 baec
814 2907 847 2979 dr
880 2921 1133 2982 momentanea
1168 2928 1212 2980 ac

128 3011 226 3086 levis
254 3008 396 3081 dicitur
421 3007 633 3088 tribulatio,
670 3008 752 3098 quia
776 3006 970 3099 perfodiam
997 3007 1211 3082 charitatem

127 3107 202 3188 Dei
229 3109 272 3182 in
292 3105 440 3180 Christo
462 3104 545 3201 Jesu
564 3128 628 3200 per
647 3107 817 3200 Spiritum
846 3106 998 3181 fandum
1020 3106 1154 3179 habent
1172 3108 1211 3179 in

107 3209 251 3286 'oorde
276 3205 346 3280 suo
375 3204 544 3282 diffusam.
605 3207 664 3280 Sic
691 3207 844 3297 denique
865 3206 898 3278 dr
922 3208 1037 3301 Jacob
1063 3205 1212 3297 patriar·

128 3309 239 3389 elram
257 3325 371 3380 amor
381 3305 517 3378 Rachel
536 3325 601 3399 per
616 3305 750 3401 septem
775 3325 888 3377 annos
903 3307 1100 3377 continuos
1110 3305 1147 3378 in
1161 3304 1211 3378 la·

129 3409 290 3486 boribus
304 3405 460 3498 posrtum
478 3404 748 3478 dituniaestus&
762 3403 928 3478 nocturni
945 3403 1088 3501 frigoris
1101 3401 1211 3502 ustio·

128 3529 217 3594 nem
240 3505 382 3580 sentire
403 3525 480 3580 non
496 3503 588 3579 srvit.
639 3503 698 3576 Sic
711 3503 821 3596 ipsum
837 3503 1001 3595 Paulum,
1023 3504 1059 3576 in
1087 3523 1210 3576 amore

129 3609 240 3704 hujus
254 3604 459 3699 incensum,
468 3604 607 3696 audito,
615 3604 816 3678 dicentem:
837 3605 989 3675 Claritas
1004 3608 1111 3673 omnia
1119 3606 1211 3699 pari.

133 3725 208 3794 ur,
233 3713 346 3780 omnia
369 3706 495 3792 credit,
520 3708 624 3775 omnia
631 3704 759 3800 sperat,
785 3708 891 3775 omnio
905 3704 1039 3790 toleror,
1065 3703 1211 3772 charitos-

135 3834 307 3908 unquam
330 3811 433 3884 cadit.
486 3802 589 3877 Nihil
611 3823 700 3900 ergo
724 3803 801 3897 est,
834 3804 1030 3897 quod-'non
1051 3801 1210 3897 toleret,

139 3910 196 4008 qui
211 3907 376 4008 perfecte
392 3904 530 4004 diligit.
578 3901 684 3978 Plura
701 3920 840 4002 autem,
868 3902 1014 4001 quando
1027 3923 1106 3984 non
1118 3901 1225 3992 tole,

602 3998 642 4072 F
658 4023 681 4075 2
1015 4031 1176 4122 ramus,
