2734 4859
85 799 99 842 u
136 773 251 870 W,
274 785 471 870 apparatum
485 776 633 844 mnoivii
645 776 731 872 rjus,
756 773 796 850 U
807 774 909 865 sedem
918 775 1088 876 puerorum
1101 785 1191 882 ψη,

84 891 94 962 ᾖ
136 873 319 952 nardinum
335 873 557 970 ministrorum
574 879 659 971 ejus,
687 874 724 950 U
748 877 844 974 molier
857 883 956 974 ejus,
982 885 1021 958 σ
1039 887 1116 956 oimr'
1130 884 1191 976 sua

85 973 89 1022 ἵ
132 975 301 1072 ῥιπήν,
329 971 371 1052 U
385 975 560 1071 bosnasio
576 978 663 1070 ejus,
691 999 759 1072 qu
776 978 920 1069 offerebat
936 986 973 1050 in
995 985 1080 1051 domo
1105 987 1166 1054 Dei
1177 1035 1188 1070 ‚

85 1095 89 1124 ι
135 1073 358 1172 estapefotlo
374 1071 512 1172 owe.
562 1074 603 1147 ln
619 1075 673 1149 his
694 1095 783 1172 ergo
800 1078 973 1172 adverte,
1000 1084 1190 1173 quomedo

134 1173 210 1269 hc,
238 1171 756 1268 quaevenitalinibuaterrae,
782 1177 903 1251 audire
914 1178 1116 1272 sapientiam
1131 1182 1190 1255 Sa·
1219 1231 1222 1244 .

132 1273 301 1365 bnonia,
331 1274 427 1347 inter
441 1289 570 1349 caetera
582 1275 729 1349 miratur
748 1275 782 1348 δι
799 1277 901 1351 cibos
916 1279 1083 1353 convivii
1096 1281 1189 1374 ejus,

131 1377 175 1448 rel
187 1377 267 1449 vini
284 1371 433 1448 fusores
444 1375 542 1468 ejus,
568 1376 601 1446 b
620 1373 790 1470 superbis
808 1375 939 1449 dieitur
959 1375 1189 1472 obstupuisse.

85 1507 88 1518 ·
130 1469 252 1548 besem
270 1489 423 1568 autern,
447 1473 534 1548 liita
547 1477 702 1568 ineptam
719 1489 885 1568 putemus
901 1471 1002 1550 fuisse
1018 1482 1191 1572 reginam,

130 1577 258 1666 poeob
271 1575 353 1648 hoc
365 1589 548 1648 venerata
562 1570 692 1648 linibus
702 1588 827 1669 terre,
855 1589 895 1649 ut
906 1577 1045 1649 audiret
1058 1575 1190 1668 sapien·

131 1675 198 1748 lim
213 1675 454 1772 salomonia,
481 1690 521 1746 ut
540 1675 690 1749 miretur
705 1675 808 1748 cibet
825 1677 1055 1769 corporales,
1083 1679 1116 1766 dr
1139 1676 1192 1747 via

130 1791 199 1848 nm
214 1773 317 1848 istud
334 1794 548 1867 commune,
574 1795 617 1848 ac
635 1775 824 1869 pincernas
840 1775 914 1848 vini
936 1780 971 1848 in
991 1775 1188 1848 ministerio

130 1875 217 1972 rugia.
274 1874 384 1976 Quid
403 1875 499 1950 eninr
517 1874 554 1948 in
571 1875 624 1949 bia
643 1871 879 1949 admiratione
894 1875 1037 1972 dignum
1057 1877 1188 1970 regine

130 1975 318 2064 matur,
345 1995 425 2067 quae
449 1975 653 2048 communia
674 1995 768 2068 pene
792 1976 960 2048 omnibus
979 1971 1059 2046 sunt
1076 1975 1191 2046 homi·

130 2071 250 2150 mm?
287 2071 366 2147 Sed
386 2073 471 2148 mibi
490 2073 635 2147 videtur
656 2073 781 2147 mirata
802 2073 873 2149 else
894 2076 998 2148 eibos
1020 2071 1191 2146 decirinm

131 2175 191 2266 eiu
205 2175 243 2246 ἀ
258 2172 392 2247 vinum
406 2174 636 2270 dogmatum,
663 2195 742 2266 quae
759 2177 803 2249 ab
819 2189 866 2249 eo
882 2184 949 2267 per
968 2174 1125 2247 divinam
1145 2171 1193 2246 sa·

131 2273 293 2366 patiam
321 2273 617 2367 praedicabantur.
679 2273 766 2346 Hoc
785 2288 866 2348 erat
884 2271 1007 2348 vinum
1027 2275 1061 2345 u
1081 2272 1191 2367 illud,

96 2455 101 2482 1
131 2375 215 2466 qood
231 2393 304 2468 per
320 2373 538 2447 Hieremiam
548 2374 704 2447 re'sertur
720 2376 765 2445 de
778 2372 860 2447 filiis
874 2373 1038 2470 Jonadab
1050 2368 1110 2445 filii
1123 2373 1193 2446 Re·

95 2517 99 2534 ·
133 2475 234 2566 tbab,
264 2473 333 2564 qui
350 2492 398 2545 eo
415 2488 601 2565 tempore,
626 2493 699 2574 pun
718 2488 869 2565 peccata
887 2476 1014 2566 populi
1030 2474 1193 2546 invalue-

129 2591 219 2664 rmt,
246 2571 364 2665 &pro
378 2572 621 2664 iniquitatibus
639 2574 958 2666 plebiscaptivitas
972 2574 1193 2664 imminebat,

131 2671 330 2748 convocati
344 2670 445 2765 sunt,
459 2686 500 2744 ut
514 2673 680 2745 biberent
692 2675 837 2764 vinum,
858 2674 1091 2765 &dixerunt‚
1110 2674 1192 2764 quia

128 2773 362 2847 mandaverat
383 2773 434 2843 eit
453 2786 556 2865 pater
575 2768 654 2843 suus
671 2771 858 2865 jonadab,
885 2795 932 2846 ne
950 2774 1118 2846 biberent
1139 2773 1193 2843 vi·

92 2827 101 2955 i
129 2893 202 2948 uum
217 2870 286 2966 ipsr
300 2869 338 2942 dr
350 2867 415 2942 lilii
430 2869 480 2943 sui
493 2872 529 2943 in
545 2869 735 2952 sarculum,
760 2893 880 2963 neque
893 2872 1024 2946 domos
1040 2871 1193 2943 aediliea·

128 2989 223 3066 tent,
250 2990 378 3063 neque
394 2969 608 3043 seminarent
621 2965 758 3058 sernen,¹
784 2991 903 3064 neque
922 2972 1125 3065 plantarent
1141 2970 1193 3040 vi·

130 3093 231 3162 neas,
256 3068 322 3142 sed
345 3071 382 3141 in
403 3071 641 3143 tabernaculis
662 3071 866 3145 habitarent
883 3073 1050 3144 omnibus
1067 3067 1193 3143 diebus

128 3175 205 3246 rittc
219 3168 306 3245 suae.
358 3165 407 3240 Et
423 3168 645 3263 amplectitur
662 3192 727 3242 eos
745 3170 866 3258 Deus,
894 3172 1058 3262 eoquod
1079 3168 1195 3241 custo·

86 3315 91 3368 3
131 3273 259 3345 dierint
279 3283 501 3362 praeceptum
518 3270 628 3364 patris
645 3266 716 3361 sui,
731 3269 778 3342 ,δι
796 3272 982 3342 noluerint
997 3270 1121 3343 bibere
1141 3270 1194 3341 vi·

128 3393 222 3446 num.
266 3369 351 3441 -Pro
367 3369 523 3460 peccatis
541 3369 635 3441 enirn
657 3383 746 3442 tunc
766 3371 921 3464 populi,
948 3369 983 3441 δι
1000 3369 1194 3463 iniquitati·

129 3473 190 3545 buc
213 3487 371 3557 eorum,
398 3482 476 3540 erat
494 3474 594 3538 oinos
616 3493 719 3538 eurum
743 3495 781 3538 ox
798 3479 896 3540 vineo
912 3472 1129 3556 Sodomorum,
1156 3468 1197 3545 ὕ

129 3573 275 3668 palmites
291 3592 397 3638 eorum
409 3593 448 3637 rx
470 3571 647 3655 Gomorra,
674 3591 739 3638 uva
760 3593 865 3639 rorum
882 3593 946 3640 uua
954 3569 1063 3661 fadis,
1088 3573 1128 3647 U
1145 3570 1196 3639 bo-

132 3688 197 3742 trus
220 3669 481 3741 amaritudinis:
506 3691 664 3738 venenum
684 3669 825 3760 aspidem
847 3671 887 3745 σ
905 3668 1005 3762 furor
1029 3673 1197 3741 draconum

132 3785 208 3844 erat
224 3777 346 3839 vinum
369 3789 484 3840 aarum.
536 3763 691 3860 Propter
715 3767 789 3840 hoc
812 3789 900 3865 ergo
921 3770 1114 3843 laudabiles
1138 3769 1197 3841 ba·

85 3941 89 3958 ,
132 3871 263 3944 bentur
281 3865 343 3941 filii
358 3866 542 3957 jonadab,
569 3867 627 3958 qui
645 3870 717 3940 tale
737 3868 882 3960 vinum,
910 3886 1091 3944 venenata
1109 3870 1200 3940 seili-

134 3985 191 4042 cet
207 3969 403 4066 dogmata,
429 3965 596 4039 &aliena
615 3963 723 4038 afide
740 3967 830 4061 Dei,
858 3969 982 4042 bibere
1001 3970 1032 4041 br
1052 3968 1199 4060 suscipe·

135 4089 173 4141 re
190 4068 411 4142 recusarunt.
464 4064 619 4158 Propter
642 4066 715 4137 hec
742 4086 831 4161 ergo
858 4067 1008 4142 fortassis
1035 4064 1198 4162 percussit

138 4167 232 4242 Deua
257 4170 382 4242 vineas
406 4162 687 4260 AEgyptiorunr‚
714 4166 801 4242 sicut
820 4168 856 4238 in
878 4167 1011 4259 psalmo
1032 4168 1200 4259 scriptum

86 4339 92 4376 ι
143 4267 208 4366 ut,
238 4290 283 4346 ne
300 4271 375 4345 tale
402 4262 567 4341 facerent
588 4267 722 4343 vinum.
770 4265 933 4368 Igiturfi
958 4267 1207 4349 intelleximus

1081 4373 1170 4460 uini
