2734 4859
880 671 1950 781 nomrtraaxr.
2312 715 2468 803 m

312 861 623 955 intem,
646 855 719 937 dt
758 881 999 956 neque
1036 881 1179 938 una
1214 863 1404 960 apud
1443 859 1684 938 Deum
1723 860 1829 940 cst
1855 858 2296 956 insanabilia,
2349 863 2456 942 id-

318 966 527 1038 circo
575 965 941 1037 consilium
986 965 1109 1037 dat
1147 963 1303 1057 his,
1355 964 1474 1057 qui
1509 961 1802 1060 poss'unt
1843 963 2344 1062 transmigrare
2373 968 2454 1044 in

318 1061 711 1160 Jerusalem
755 1064 843 1137 ad
871 1063 1392 1156 testimonium,
1447 1063 1712 1138 habere
1742 1063 2038 1138 resinam
2054 1063 2151 1139 'ad
2183 1067 2451 1158 empla-

315 1159 463 1237 stra
514 1162 873 1256 facienda,
924 1177 1009 1236 ut
1056 1161 1400 1240 ass'umant
1463 1162 1927 1238 medicamina
1962 1215 1984 1248 ‚
2037 1163 2104 1237 ἀ
2172 1179 2448 1258 quanto

318 1265 578 1336 valent
622 1262 855 1335 studio
889 1314 916 1355 ,
982 1260 1251 1336 sanitati
1299 1260 1672 1337 restituant
1709 1259 2175 1356 Babylonem.
2275 1263 2452 1340 Hoc

318 1362 917 1535 ἓξὲῗὲῖᾞευξεῗη
924 1360 2300 1551 ἳιῖιετξὲἱῗὲξῶΙειιίῐῗῗηόιεῖἱιξῗεῑιιζῖιῖῗίἦ
2315 1377 2447 1552 ,τιέξ

318 1560 469 1635 lina
505 1561 843 1636 discamus
892 1561 959 1635 ei
994 1564 1335 1659 malagma
1373 1565 1790 1654 imponere,
1843 1560 1912 1635 a
1953 1563 2194 1638 oleum
2236 1565 2302 1637 δι
2348 1565 2446 1638 al-

318 1658 701 1756 ligaturas,
750 1659 1313 1756 &imponentes
1368 1665 1732 1760 alligemus
1781 1664 2082 1735 vulnera
2130 1662 2447 1754 Babylo·

312 1761 432 1835 nis
484 1763 841 1836 imitantes
888 1757 1454 1854 Samni-itanum,
1528 1761 1592 1834 ἃ
1629 1759 1930 1836 sanetur
1967 1761 2216 1836 misera
2269 1764 2446 1836 civi-

319 1875 479 1950 tas,
532 1860 597 1933 &
638 1873 881 1934 curata
920 1861 1191 1938 desinat
1230 1860 1372 1936 ess‘e
1401 1913 1428 1953 ,
1481 1862 1677 1953 quod
1710 1861 1968 1936 fuerat.
2065 1859 2259 1935 Istud
2296 1859 2446 1957 est,

320 1957 523 2051 quod
561 1962 705 2052 ait,
755 1960 1083 2056 accipere
1116 1959 1411 2036 resinam
1440 1962 1924 2052 correptionis
1955 1961 2105 2052 eJ‘us
2131 2012 2157 2050 ,
2209 1960 2252 2036 fi
2291 1982 2445 2054 quo

314 2061 549 2137 modo
584 2055 955 2136 sanabitur.
1054 2057 1203 2136 Ubi
1246 2059 1408 2134 sunt
1446 2062 1760 2135 baeretici
1786 2059 1825 2136 2
1874 2057 2024 2133 Ubi
2065 2057 2265 2141 sunt,
2319 2061 2448 2153 qui

314 2172 612 2236 naturas
665 2160 998 2251 quasdam
1046 2161 1640 2253 introducentes,
1694 2159 1998 2236 afferunt
2050 2158 2190 2234 ess'e
2239 2178 2448 2234 natu-

313 2281 465 2337 ram
537 2257 1094 2354 desperabilem,
1162 2281 1315 2355 quae
1366 2263 1654 2355 penitus
1704 2281 1856 2336 non
1905 2261 2204 2355 recipiat
2274 2259 2446 2333 salu-

316 2357 524 2435 tem?
577 2359 648 2431 si
692 2358 795 2432 est
831 2373 1134 2454 natura,
1207 2382 1361 2453 quae
1405 2374 1697 2452 pereat,
1751 2381 1906 2451 quae
1942 2361 2074 2432 alia
2109 2361 2268 2434 talis
2303 2361 2447 2436 erit

306 2474 407 2542 -ut
453 2460 784 2553 Babylon
817 2457 854 2533 2
922 2457 1265 2535 Attamen
1317 2482 1552 2553 neque
1616 2459 1812 2536 istam
1866 2457 2160 2551 despicit
2211 2459 2441 2536 Deus.

310 2560 650 2652 Praecipit
686 2559 872 2634 enim
905 2559 1199 2634 medicis
1223 2558 1426 2633 Deus
1523 2574 1608 2635 ut
1634 2559 1987 2656 accipiant
2013 2557 2304 2634 resinam
2339 2558 2445 2633 su-

316 2680 452 2757 per
491 2659 976 2752 Babylonem,
1028 2659 1074 2734 s1
1114 2681 1260 2752 quo
1294 2613 1520 2734 mocio
1561 2657 1864 2736 sanetur.
1970 2658 2280 2758 Quidam
2319 2658 2449 2756 igi*

316 2774 443 2835 tur
489 2778 741 2834 eorum
766 2812 794 2852 ,
864 2763 980 2851 qui
1024 2760 1429 2835 mandatum
1475 2775 1901 2852 acceperant
1925 2811 1950 2852 ,
2003 2761 2443 2849 accipientes

314 2857 617 2934 resinam
663 2860 1109 2953 correptioni
1162 2859 1556 2950 Babylonis
1589 2909 1615 2950 ,
1685 2859 1735 2932 fi
1779 2879 1930 2951 quo
1973 2858 2201 2932 modo
2248 2856 2444 2931 sane-

314 2972 443 3032 tur
467 3009 493 3048 ,
546 2957 877 3030 fecerunt
900 3009 927 3049 ,
981 2957 1177 3049 quod
1213 2957 1452 3030 fuerat
1487 2960 1952 3050 imperatum,
2005 2968 2443 3048 receperunt

316 3057 617 3132 resmam
645 3055 731 3129 ad
779 3057 1317 3150 correptionem
1354 3057 1549 3147 ejus,
1601 3057 1970 3130 audientes
1997 3053 2198 3156 posse
2231 3051 2438 3149 fieri,

318 3170 408 3230 ut
436 3155 766 3248 Babylon
812 3158 1171 3249 reciperet
1200 3152 1590 3231 sanitatem.
1694 3153 1790 3226 Et
1821 3157 2025 3248 quia,
2079 3155 2273 3247 quod
2312 3173 2442 3247 pu-

318 3269 707 3342 taverunt,
764 3277 917 3329 non
969 3255 1414 3330 effecerunt:
1477 3254 1810 3348 Babylon
1861 3256 2124 3348 quippe
2173 3256 2244 3327 in
2297 3253 2445 3348 pri-

314 3355 498 3432 stina
560 3357 833 3430 malitia·
886 3354 1400 3450 perseverans,
1451 3349 1809 3438 noluitse
1855 3355 2121 3428 curari:
2171 3351 2440 3427 satisfa-

318 3460 523 3531 ciunt
551 3456 728 3529 boni
760 3457 1074 3550 medici,
1128 3456 1195 3529 δι
1234 3454 1522 3528 dicunt:
1593 3457 1977 3526 curavimus
2021 3453 2436 3547 Babylonem,

314 3555 399 3634 δ’
430 3580 564 3628 non
602 3556 951 3653 asisanum.
1060 3555 1518 3653 Relinquamus
1548 3579 1702 3625 ean.
1807 3553 2000 3628 Vide
2028 3565 2266 3629 autem
2304 3552 2438 3628 ho-

313 3678 442 3735 mo
477 3710 503 3750 ,
573 3655 960 3748 nequando
1006 3655 1269 3754 angelis
1310 3652 1676 3749 praecipiat
1717 3653 1922 3728 Deus
1955 3702 1981 3735 ,
2042 3667 2126 3726 ut
2164 3652 2249 3726 ad
2293 3655 2441 3728 lan-

315 3778 617 3856 guorem
670 3759 915 3833 animae
976 3771 1119 3829 tuae
1178 3756 1720 3829 medicaminum
1787 3751 2156 3847 emplastra
2203 3749 2437 3828 confi·

318 3859 555 3947 ciant,
604 3855 654 3930 fi
702 3878 849 3949 quo
898 3856 1124 3930 modo
1161 3853 1372 3948 poffis
1408 3854 1495 3927 ab
1533 3854 2012 3952 ⁴‹egrotatione
2039 3851 2310 3942 sanari,
2365 3852 2437 3926 δε

314 3954 799 4047 respondeant
829 3956 1089 4052 angelit
1146 3958 1540 4026 curavimus
1561 3953 1959 4048 Bonum,
1985 3950 2180 4029 istam
2201 3950 2439 4026 osten·

318 4053 575 4130 dentes
602 4076 641 4127 a
667 4055 1093 4148 pastionibus
1130 4051 1500 4128 confusam
1549 4055 1854 4129 animam
1887 4065 2080 4127 tuam
2112 4104 2139 4145 ,
2191 4058 2264 4126 0
2301 4074 2438 4123 non

319 4155 399 4252 est
431 4156 683 4244 [brian.
783 4154 964 4229 Non
1010 4153 1378 4230 scientiam
1422 4154 1594 4228 artis
1637 4150 1777 4227 stre
1811 4205 1840 4245 ,
1906 4171 2140 4243 neque
2193 4150 2438 4225 resine

317 4256 473 4333 vim
514 4253 977 4334 criminantur
995 4307 1027 4354 ,
1077 4253 1197 4331 sed
1237 4268 1313 4329 te
1348 4305 1374 4347 ,
1425 4254 1545 4345 qui
1588 4250 1967 4352 praeceptis
2008 4269 2260 4328 eorum
2302 4249 2438 4329 ob-

1252 4350 1336 4432 A
1363 4374 1408 4428 a
1434 4373 1475 4428 a
1522 4373 1572 4451 3
2139 4347 2339 4447 sequi
