2734 4859
628 743 633 750 ·
762 701 1497 823 H'oMrLrA
1591 717 1918 829 ‘xvnt
2123 705 2134 712 ’
2246 749 2394 841 645

278 918 666 1008 propterea
692 910 1059 1006 poenitere.
1166 911 1340 1006 Quo
1378 905 1588 1001 paeto
1623 910 1834 1004 igitur
1861 909 2053 1002 illum
2091 907 2384 1003 scriptu·

277 1030 357 1082 ra
385 1012 657 1082 induxit
698 1011 1047 1082 dicentem
1071 1062 1097 1101 ,
1144 1014 1583 1104 poenitentiam
1613 1005 1833 1102 agam?
1879 1007 2148 1088 Mitto,
2185 1009 2382 1101 quod

276 1110 354 1181 in
386 1112 576 1180 libris
608 1109 879 1202 Regum
910 1108 1233 1201 scriptum
1263 1103 1403 1181 est:
1463 1111 1731 1181 Poeniret
1754 1130 1848 1180 me
1869 1160 1895 1200 ,
1946 1109 2187 1200 unxiffe
2216 1110 2384 1179 Saul

274 1223 355 1278 in
404 1233 609 1302 regem.
714 1207 867 1280 lmo
906 1206 1283 1280 universim
1331 1205 1588 1278 dicitur
1623 1209 1695 1282 Θ
1722 1212 2161 1303 poenitmtiam
2189 1233 2381 1301 agens

268 1307 447 1406 [uper
476 1311 747 1378 mulitia.
848 1307 1079 1398 Vide,
1133 1307 1297 1397 quid
1338 1307 1726 1402 generatim
1770 1307 1858 1379 de
1883 1305 2050 1381 Deo
2077 1307 2380 1381 edocea-

275 1426 468 1481 mur:
522 1427 676 1478 cum
732 1405 1023 1476 dicitur:
1078 1410 1238 1477 Non
1286 1407 1450 1503 quast
1493 1407 1669 1476 homo
1715 1411 1885 1478 Deus
1923 1407 2374 1498 suspenditur,-

272 1532 477 1600 neque·
501 1505 665 1604 quast
680 1507 869 1595 filius
916 1508 1193 1574 hominis
1230 1514 1431 1575 minas
1456 1511 1750 1603 patitur,
1803 1505 1911 1578 his
1951 1505 2195 1578 verbis
2248 1503 2377 1578 diss-

276 1608 498 1676 cimus
519 1656 543 1694 ,
595 1603 827 1676 Deum
861 1625 1007 1677 non
1040 1603 1175 1680 effe
1194 1619 1277 1677 ut
1300 1593 1704 1694 hominem3
1757 1605 1905 1677 aliis
1928 1609 2109 1680 v'ero
2136 1601 2377 1681 Deum

275 1701 415 1776 effe
452 1718 530 1775 ut
555 1704 949 1790 hominem,
1004 1706 1434 1778 dicentibus:
1477 1709 1809 1797 Quoniam
1832 1707 2117 1775 erudivit
2145 1718 2209 1775 te
2243 1709 2374 1774 Do-

271 1810 484 1873 minus
538 1806 715 1873 Deus
764 1819 949 1890 tuus,
1002 1823 1079 1875 nt
1106 1807 1167 1900 fi
1216 1813 1356 1899 quis
1405 1805 1582 1878 homo
1629 1805 1872 1875 erudiat
1903 1807 2121 1894 filium
2156 1802 2371 1892 suum.

270 1901 373 1976 Et
406 1903 657 1974 iterum
691 1924 710 1974 ε
765 1905 1052 1999 Gestavit
1082 1919 1145 1974 te
1170 1905 1324 1994 ficut
1364 1905 1535 1972 Immo
1555 1906 1778 1994 'filium
1807 1905 2013 1992 susim.
2115 1901 2370 1994 Itaque

270 2022 434 2074 cum
476 2001 567 2073 de
607 2001 819 2094 De0,
870 2023 1005 2093 qua
1044 2001 1240 2076 Deus
1278 1999 1424 2094 est,
1475 2001 1868 2078 sermonem
1915 2003 2180 2076 habent
2211 2003 2373 2074 scri-

267 2115 533 2195 pturae,
586 2121 818 2190 neque
866 2106 1013 2194 ejus
1054 2103 1239 2173 circa
1292 2123 1406 2174 rea
1453 2101 1787 2175 humanas
1837 2102 2370 2194 providentiam

266 2213 614 2296 tangunt,
668 2203 861 2275 aiunt
908 2199 1125 2295 ipsum
1168 2199 1307 2273 ess'e
1336 2221 1488 2274 nou
1535 2199 1712 2274 ficut
1756 2202 2153 2274 hominem:
2202 2221 2367 2276 nam

268 2301 727 2392 magnitudinis
774 2306 907 2369 εἰσ
938 2325 1067 2371 non
1120 2301 1199 2398 eft
1226 2304 1400 2392 finis
1435 2323 1454 2375 ε
1506 2297 1604 2372 Et
1629 2351 1654 2393 ,
1716 2301 2032 2371 terribilis
2072 2299 2148 2400 est
2171 2303 2366 2395 super

265 2423 473 2470 omnes
507 2401 706 2470 Deos:
822 2413 895 2490 t,
947 2402 1199 2472 laudate
1226 2424 1361 2472 eum
1399 2423 1606 2471 omnes
1638 2401 1842 2494 angeli
1885 2403 2012 2472 Dei
2042 2423 2064 2468 .-
2110 2401 2365 2471 laudan

267 2523 411 2568 eum
439 2522 646 2569 onmes
676 2503 968 2569 virtutes
992 2505 1177 2598 nujus:
1229 2503 1482 2571 laudate
1506 2525 1638 2570 eum
1656 2502 1756 2589 sol
1781 2501 1854 2575 ὅ
1894 2502 2091 2572 luna.-
2147 2503 2364 2570 lauda-

273 2616 339 2670 te
368 2621 503 2669 eum
534 2623 735 2668 omner
758 2597 1033 2696 stella&
1058 2605 1304 2686 lumen,
1353 2598 1824 2692 sexcentaque
1851 2601 1982 2672 alia
2014 2601 2368 2697 colligens

266 2720 312 2770 e
351 2697 551 2771 sacris
580 2700 876 2790 litteris,
930 2703 1280 2792 reperieS,
1332 2701 1585 2792 quibus
1619 2699 2118 2773 accommodes
2143 2698 2360 2771 illud:-

270 2800 427 2870 Non
450 2798 615 2894 ficut
644 2800 817 2867 homo
854 2801 1053 2875 Dm.
1147 2798 1461 2897 Quando
1492 2818 1678 2870 vero
1702 2798 1943 2873 divina
1974 2800 2367 2894 providen-

266 2900 366 2968 tia
397 2899 606 2967 rebus
640 2898 957 2971 humanis
992 2897 1141 2970 'sese
1180 2896 1521 2970 immiscet
1549 2949 1574 2990 ,
1627 2898 2006 2971 humanum
2045 2895 2361 2990 sensum,

268 2997 334 3068 δι
364 3015 643 3088 mores,
698 2995 764 3066 δι
796 3000 1017 3069 verba
1044 2996 1348 3088 usurpat.
1453 2993 1549 3068 Et
1582 2996 2166 3089 quemadmodum
2189 3016 2356 3088 nos,

266 3095 312 3167 si
360 3114 651 3187 puerum
692 3097 1029 3170 bimulum
1085 3095 1554 3185 alloquimur,
1617 3110 1916 3189 propter
1953 3094 2170 3186 ipfflm
2212 3095 2361 3168 bal.

267 3196 619 3280 butirnusz,
691 3215 925 3284 neque
958 3197 1141 3268 enim
1180 3192 1331 3266 fieri
1366 3192 1602 3286 potest
1628 3247 1652 3286 ,
1703 3209 1835 3285 ut,
1892 3213 2048 3267 cum
2091 3213 2359 3286 pueros

267 3295 736 3385 alloquimur,
788 3293 906 3386 ipsi
960 3315 1095 3368 nos
1140 3294 1538 3388 intelligant
1568 3347 1593 3385 ,
1665 3293 1788 3366 nisi
1826 3295 1914 3367 ab
1947 3295 2170 3365 aetatis
2204 3313 2362 3385 per·

262 3393 428 3468 fecti
472 3394 607 3465 viri
641 3393 984 3488 dignitate
1018 3393 1376 3486 paululum
1407 3393 1870 3486 recedentes,
1923 3393 2008 3465 ad
2048 3390 2360 3485 ipsorum

261 3491 629 3566 dialectum
678 3512 814 3565 nos
876 3493 1382 3580 demittamus;
1455 3491 1552 3563 ita
1601 3492 1814 3564 {imile
1865 3491 2213 3584 quidpiam
2266 3491 2361 3564 de

261 3591 430 3663 Deo
478 3592 694 3666 velim
742 3594 1015 3688 cogites
1051 3645 1075 3682 ,
1148 3612 1303 3662 cum
1347 3611 1568 3684 genus
1609 3591 1971 3664 hominum
2009 3591 2074 3663 δι
2116 3592 2361 3683 praeci·

260 3711 404 3781 pue
444 3690 673 3762 adhuc
707 3691 1073 3764 infantium
1120 3689 1568 3764 administrat.
1667 3690 1911 3780 Vide,
1985 3690 2359 3781 quomodo

261 3809 398 3860 nos
443 3788 749 3879 perfefia
790 3805 997 3863 aetate
1029 3790 1164 3862 viri
1208 3790 1546 3882 parvulos
1587 3789 2081 3879 alloquentes,
2146 3793 2361 3865 etiam

261 3889 549 3959 nomina
587 3891 1056 3963 immutemus,
1160 3887 1416 3960 Panem
1451 3901 1649 3960 certe
1691 3891 1986 3981 proprio
2019 3887 2174 3983 ipiis
2226 3909 2360 3961 no-

262 3987 450 4058 minc
495 3989 942 4078 exprimimus
980 3988 1045 4060 &
1080 4001 1332 4080 potum
1379 3988 1518 4057 alio
1571 3990 1978 4079 vocabule,
2045 4008 2192 4060 non
2231 3990 2360 4060 illo

268 4083 592 4176 quidem,
665 4107 809 4176 quo
860 4089 1166 4167 utimur,
1232 4107 1392 4158 cum
1443 4085 1797 4177 perfeftos
1849 4086 2050 4158 viros
2104 4101 2361 4158 coa-ta-

264 4205 445 4257 neos
514 4183 792 4258 nostros
858 4186 1279 4276 alloquimur
1310 4235 1330 4266 ,
1408 4183 1521 4256 sed
1589 4186 1838 4276 puerili
1903 4186 1969 4257 δι
2032 4184 2361 4262 infantili.
2435 4203 2462 4224 ‘

259 4284 441 4358 Item
485 4304 643 4354 cum
673 4285 1080 4360 indumenta
1120 4287 1355 4376 pueris
1387 4285 1876 4374 nominamus,
1931 4284 2057 4356 alia
2095 4285 2198 4354 eis
2229 4303 2362 4362 no.-
2493 4363 2498 4368 ,

260 4385 450 4458 mina
516 4384 987 4479 imponimust
1032 4381 1243 4478 ‚quasi
1320 4387 1595 4474 puerile
1663 4401 1931 4458 nomen
1979 4378 2375 4474 fingentes.

1222 4479 1332 4556 Ss
1388 4503 1432 4576 3
2051 4476 2322 4600 ‘5⁴ng-
