2734 4859
499 621 533 704 L
556 613 629 736 ld
653 621 688 702 E
711 623 748 705 R
795 623 852 704 11.
1147 634 1217 729 167

145 783 347 883 dumnoc,
381 786 483 884 quod
508 808 554 863 ex
577 789 700 866 multia
718 790 901 864 animabus
921 799 1141 888 congregata
1161 791 1214 868 est

144 888 318 970 ecclefia‚
344 885 600 986 &exemplum
616 889 702 963 vitae
721 891 864 984 accepit
884 887 1083 982 aChristo,
1111 893 1212 983 quod

86 1051 89 1056 .
144 1007 222 1063 nou
241 989 372 1064 tamab
384 987 459 1084 ipsa
474 989 608 1064 deitate
623 990 728 1065 verbi
740 988 812 1065 Dei
827 990 1021 1086 acceperit,
1048 1007 1127 1080 quae
1140 992 1213 1086 uti·

143 1107 215 1181 que
232 1083 474 1182 supereminet
493 1111 558 1164 eos
579 1089 698 1181 ailus,
728 1092 792 1164 uel
808 1088 977 1182 affedius,
1012 1092 1073 1182 qui
1090 1089 1133 1164 ad
1149 1111 1212 1165 ex·

141 1189 301 1282 emplum
319 1188 394 1263 dari
411 1190 616 1265 hominibus
632 1190 803 1266 debeant:
829 1187 888 1263 sed
902 1191 962 1263 illa
975 1191 1104 1283 anima,
1130 1208 1211 1282 qua

140 1285 315 1382 allumpta
329 1285 440 1364 estab
458 1308 527 1384 eo,
551 1283 588 1364 in
603 1311 671 1383 qua
690 1289 760 1363 fuit
774 1287 905 1363 summa
920 1288 1120 1383 persedim
1146 1290 1209 1363 illa

137 1386 183 1461 srt
204 1386 249 1461 ad
270 1389 473 1488 exemplum
491 1389 624 1483 polita,
657 1392 692 1464 dt
716 1386 788 1481 ipsa
810 1388 949 1462 dicatur
968 1389 1027 1462 hic
1042 1387 1209 1482 proxima
1276 1389 1291 1472 ,“

137 1507 237 1562 mea:
271 1488 373 1582 cujus
397 1488 657 1566 similitudinem
674 1490 808 1563 habere
823 1488 953 1562 debeat
967 1488 1073 1561 etiam
1091 1489 1208 1562 eccle·

137 1585 206 1678 fia,
241 1605 324 1680 quae
342 1609 388 1663 ex
401 1590 523 1664 multis
541 1602 783 1688 congregatur
800 1591 1003 1680 animabus,
1027 1588 1095 1660 illis
1117 1585 1208 1660 scili·

137 1699 221 1780 cet,
255 1707 336 1779 quae
355 1690 453 1783 prius
472 1689 616 1764 fuerant
635 1688 698 1764 sub
714 1690 802 1786 jugo
818 1687 1028 1761 &curribus
1050 1685 1207 1761 Pharao·
1230 1729 1233 1738 ·

135 1787 232 1879 nis,·
252 1785 485 1880 &equitatus
506 1787 659 1864 Domini
683 1790 920 1884 appellantur.
971 1789 1063 1885 Quae
1082 1803 1204 1863 autem

136 1905 183 1959 ex
203 1883 346 1961 duabus
362 1888 542 1982 expolitio
561 1891 764 1964 conuenire
776 1887 886 1984 magis
910 1885 1100 1980 proposito
1120 1907 1206 1960 ver·

132 1984 250 2061 srculo
265 1985 456 2082 videatur,
479 1989 650 2085 probabis
664 1990 772 2064 etiam
789 2002 850 2083 tu,
877 1988 938 2080 qui
953 1985 1052 2083 legis.

159 2101 168 2128 ·
206 2088 323 2180 Quare
336 2088 472 2186 spaciosa
478 2085 577 2184 falia
591 2092 674 2180 [unt
687 2113 773 2184 gana
794 2102 856 2161 rae
868 2103 1026 2184 tanquam
1044 2087 1204 2167 turtum,

134 2193 249 2257 mix
268 2201 328 2259 m
341 2188 419 2281 ficar
434 2191 627 2266 redimicula.
678 2187 793 2264 Ordo·
804 2187 971 2262 dramatis
992 2183 1205 2277 hujusmodl

136 2284 291 2360 videtur
314 2285 448 2363 habere
468 2287 784 2382 consequentiam,
822 2286 942 2380 quod,
972 2283 1205 2379 posteaquam

131 2383 425 2462 austerioreul'us
443 2389 496 2464 est
509 2389 793 2465 comminatione
806 2385 954 2482 sponsus
967 2385 1010 2458 ad
1024 2382 1203 2480 sponsam,

132 2484 358 2580 protestatus
386 2487 442 2582 ei,
476 2487 596 2582 quod,
628 2489 691 2563 misr
707 2485 946 2586 cognosceret
961 2480 1204 2577 semetipsam,

133 2586 280 2660 exitura
289 2586 376 2662 ellet
387 2588 425 2662 in
439 2587 594 2685 vestigiis
603 2605 764 2686 gregum,
791 2586 1079 2680 &pasceretnon
1094 2603 1204 2674 oves,

131 2682 192 2759 sed
212 2684 359 2779 haedos,
388 2690 572 2763 erubuerit
586 2687 689 2780 super
705 2687 909 2761 austeritate
924 2684 1116 2780 precepti,
1143 2680 1205 2756 sed

131 2783 167 2857 dt
187 2787 308 2859 rubor
327 2788 555 2862 verecundie
573 2785 721 2861 diffusus
745 2788 781 2860 in
797 2787 903 2858 vultu
921 2784 1093 2878 speciosas
1114 2780 1203 2853 effe·
1291 2851 1293 2856 .

132 2885 226 2958 ecrit
239 2906 351 2982 genas
366 2888 465 2980 ejus,
492 2888 676 2980 &multo,
703 2908 806 2979 quam
827 2885 991 2973 fuerant,
1019 2877 1202 2975 pulchrio-

131 3003 212 3057 res:
236 3006 316 3059 non
334 2982 448 3060 solum
468 3002 586 3061 autem
602 3008 721 3084 genae,
754 2984 813 3059 sed
833 2985 867 3057 dr
885 2984 1011 3056 cervix
1032 2981 1107 3070 eius
1128 2992 1203 3054 tant

130 3083 270 3158 decora
287 3084 332 3157 sat
349 3085 509 3179 reddita,
545 3086 639 3179 quasa
655 3086 842 3162 monilium
860 3082 1075 3156 redimiculis
1096 3079 1203 3152 ador·

130 3199 226 3259 nata.
276 3183 513 3260 Pulchritudo
529 3206 617 3283 ergo
640 3206 811 3284 genarum
834 3182 1034 3255 turturibus
1053 3197 1203 3271 compa·

132 3299 255 3378 ratur,
294 3285 393 3375 quod
417 3304 483 3382 per
497 3285 703 3379 hujusmodi
721 3306 807 3358 aves
822 3285 919 3357 irmul
937 3276 1103 3354 honestas
1118 3280 1202 3350 vul·

132 3395 189 3455 tus
206 3381 421 3458 &alacritas
436 3386 627 3461 indicetur.
680 3384 769 3458 Haec
789 3380 840 3457 est
853 3382 1012 3456 historici
1032 3379 1199 3451 dramatis

131 3483 355 3574 explanatio.
403 3485 475 3558 Sed
486 3488 669 3559 veniamus
680 3485 819 3558 adrem.
870 3481 998 3555 Paulus
1013 3476 1198 3572 apostolus

130 3580 291 3659 scribens
314 3583 359 3656 ad
377 3585 559 3659 eccleiram
577 3582 873 3674 Corinthiorum,
905 3583 955 3653 ita
972 3581 1040 3652 ait:
1082 3582 1200 3675 Corpus

130 3697 237 3754 autem
258 3705 329 3755 nm
350 3683 568 3782 elimemirum
587 3709 709 3773 unum,
729 3685 783 3772 sed
800 3685 914 3754 muita.
968 3678 1056 3774 Erss
1077 3680 1199 3749 dixerit

129 3799 199 3878 pes,
224 3785 305 3880 quie
318 3805 385 3854 raon
395 3784 468 3873 sum
483 3809 617 3872 manus,
643 3807 709 3855 narr
716 3785 788 3874 sum
806 3785 840 3854 de
858 3802 998 3879 corpore,
1024 3803 1090 3851 aron
1102 3797 1200 3876 prop·

131 3897 220 3955 terra
235 3906 304 3953 marr
326 3883 365 3981 ιβ
385 3888 420 3957 de
438 3905 580 3982 corpore,
611 3882 690 3982 &fi
711 3884 831 3956 dixerit
846 3881 1009 3969 auricula,
1040 3884 1115 3978 quia
1130 3900 1198 3948 riom

126 3983 197 4074 sam
216 3986 342 4071 mulas,
375 4006 443 4058 mou
454 3983 526 4075 surr
547 3986 583 4056 de
601 4006 740 4080 corpore,
764 4008 831 4055 narr
845 3998 1006 4078 propterea
1018 4004 1085 4050 non
1104 3978 1142 4129 est
1161 3977 1197 4046 de

132 4102 267 4179 torpore.
317 4085 358 4154 Si
376 4099 480 4157 totam
498 4106 607 4182 corpur
623 4085 662 4183 ‘fl
677 4086 802 4171 oculus,
837 4084 892 4154 ubi
910 4081 953 4179 ‘ft
967 4082 1121 4152 auditus..
1155 4079 1199 4147 Si

133 4200 236 4255 torum
264 4183 414 4274 auditur,
451 4184 509 4255 rabi
529 4180 697 4257 odoratur?
734 4186 836 4259 Nunc
855 4198 960 4254 autem
986 4185 1073 4252 Deus
1093 4179 1198 4272 poluit

134 4283 374 4387 unumquodque
392 4286 562 4360 membrum
579 4291 616 4359 in
623 4305 766 4464 ἴφυα,
782 4282 867 4386 first
885 4282 1005 4358 vuisit.
1051 4275 1104 4459 Et
1115 4295 1206 4354 cum

682 4407 709 4482 4
1055 4398 1170 4488 nura
