2734 4859
359 581 364 592 ·
472 569 718 694 maan
765 577 819 666 11.
1099 557 1182 689 ἰη

97 740 240 820 deanar
256 737 331 816 elsa
346 737 613 835 inoperosum,
640 743 875 840 colligereex
890 741 1073 840 scripturis
1089 751 1124 826 di
1130 754 1182 827 vi·

93 845 178 938 nis,
194 843 258 934 ¹in
282 841 411 934 quibus
441 844 503 915 vei
528 844 679 936 qualiter
702 842 910 918 sacramenti
934 847 1038 940 hujus
1059 848 1178 929 forma

93 941 348 1040 praecefferit:
374 957 585 1017 tamennon
601 942 688 1016 mihi
705 946 849 1036 penitus
864 947 1102 1024 omittendum
1120 957 1179 1028 vi.

94 1047 235 1138 detur,
266 1043 351 1138 sed,
377 1063 480 1134 quam
497 1044 685 1138 potuerit,
712 1043 875 1119 breviter
891 1053 1177 1131 memorandum.
1292 1061 1295 1068 '

93 1143 224 1218 Primo
251 1164 344 1239 ergo
366 1141 671 1216 in‘Numerorum
693 1143 789 1218 libro
815 1145 860 1218 de
880 1143 1097 1242 AEthiopiffa
1123 1153 1176 1227 ita

95 1243 299 1340 scriptum:
326 1241 375 1316 Et
386 1245 489 1314 locuta
498 1245 538 1340 ιβ
549 1249 668 1314 Maria
681 1247 722 1315 ad
734 1247 864 1332 Aaron,
891 1246 930 1322 U
940 1251 1175 1344 derogaverunt
1281 1331 1295 1340 ,

97 1347 185 1442 Mfi
203 1359 345 1442 propter
368 1345 529 1418 mulierem
549 1342 802 1440 AEtlaiapiffam,
824 1347 933 1444 'quam
955 1356 1072 1445 aceepit
1096 1376 1174 1424 uxo-

98 1469 189 1536 m,
217 1453 262 1522 U
282 1447 462 1515 dixerunt:
489 1445 659 1543 Numquid
683 1445 766 1540 Mol
778 1447 841 1533 loli
860 1446 1037 1543 locutusefl
1057 1452 1174 1522 Dami-

96 1541 198 1620 κεί
225 1547 356 1618 Nonne
377 1543 416 1620 U
438 1545 527 1614 nolis
549 1545 668 1616 locutus
686 1539 758 1640 est?
782 1542 832 1617 Et
852 1546 983 1619 iterum
1002 1550 1039 1621 in
1057 1551 1172 1624 tertio

97 1643 319 1742 Regnorum
332 1644 427 1717 libro
440 1642 670 1738 scriptumest
686 1643 730 1717 de
738 1644 877 1741 Regina
893 1643 998 1738 Saba,
1014 1648 1096 1740 quia
1109 1671 1174 1723 ve·

97 1747 153 1818 ait
165 1765 190 1816 a
203 1739 342 1818 finibus
356 1758 480 1838 tenae,
500 1743 622 1818 audire
637 1741 842 1840 sapientiam
856 1743 1080 1840 Salomonis,
1096 1750 1172 1822 hoc

97 1844 235 1924 nodo:
265 1847 388 1937 Regina
402 1846 488 1918 Salo
501 1847 635 1916 audivit
648 1869 761 1916 nomen
775 1843 971 1933 Salomonis,
998 1846 1037 1924 U
1057 1871 1172 1922 noman

101 1947 244 2018 nanee
252 1995 265 2032 ,
291 1947 333 2021 U
352 1951 465 2033 venit,
483 1961 612 2019 tentare
623 1969 694 2038 eum
708 1950 746 2016 in
757 1945 934 2042 parobolis,
961 1945 1001 2024 U
1014 1953 1109 2018 venit
1129 1953 1170 2020 in

103 2045 310 2136 ldierusalnn
327 2048 365 2116 in
382 2049 511 2124 virtute
528 2069 642 2140 magno
662 2047 783 2117 valde:
817 2043 858 2123 U
878 2044 989 2117 cameli
1002 2062 1172 2142 portantes

101 2149 329 2233 ainamma,
353 2143 394 2222 U
414 2170 527 2242 ¹ausorum
548 2149 683 2220 multum
698 2147 811 2234 valde,
844 2143 885 2224 U
907 2147 1041 2244 lapidem
1053 2154 1172 2245 procio-

101 2247 188 2334 Ιιι,
214 2243 258 2324 U
277 2242 412 2340 ingreffa
426 2245 467 2343 apl
489 2249 531 2318 ad
544 2249 758 2332 Salomonem,
783 2244 822 2324 U
835 2249 938 2320 lauto
954 2246 995 2344 apl
1013 2249 1043 2319 ei
1061 2253 1171 2324 amnia

102 2347 220 2437 unia,
247 2370 321 2444 qua
338 2361 432 2418 nant
448 2351 485 2416 in
501 2349 589 2419 corde
604 2349 687 2435 suo,
713 2346 753 2424 U
766 2352 956 2420 enunciavit
977 2351 1008 2418 ei
1021 2349 1171 2422 Salomon

104 2453 207 2518 unia
223 2447 328 2519 verba
342 2443 428 2548 ejus,
453 2444 494 2524 U
506 2444 658 2543 nonfuit
671 2446 824 2542 vellum,
850 2449 930 2547 quod
946 2447 1084 2537 amiserit
1099 2474 1169 2540 rex,

107 2545 141 2622 U
153 2573 224 2619 nm
237 2552 467 2620 mumiaoerit
484 2554 514 2619 ai
528 2574 594 2622 rex.
644 2546 693 2622 Et
706 2550 794 2620 vidit
813 2553 935 2643 Regino
950 2549 1034 2620 Saba
1048 2573 1171 2621 omnem

109 2651 308 2744 prudentiam
331 2650 530 2737 Solomonis,
556 2649 595 2726 U
618 2649 768 2738 domum,
794 2675 888 2747 quam
911 2651 1103 2740 edificavit,
1129 2647 1171 2727 U

112 2749 181 2820 ailus
197 2751 383 2821 Salomonis
403 2748 443 2826 U
459 2751 560 2836 sedem
579 2771 747 2847 puerorum
767 2753 853 2844 ejus,
886 2752 1083 2827 U'atdinem
1107 2756 1171 2820 mi·

92 2919 95 2942 ς
113 2849 279 2945 nifltarum
296 2853 385 2946 ejus,
410 2847 449 2924 U
458 2851 554 2946 vefln
567 2856 653 2948 ejus,
679 2849 719 2926 U
729 2855 805 2918 vini
812 2848 936 2942 salares
952 2854 1038 2946 ejus,
1064 2850 1104 2928 U
1115 2852 1171 2922 lto·
1216 2835 1224 2854 ⁸

93 2947 231 3046 {hausta
249 2953 319 3048 ejus
329 3002 340 3039 ‚
365 2975 432 3048 qua
447 2950 593 3042 offerebat
609 2956 646 3020 in
660 2952 745 3020 domo
763 2954 917 3039 Domini,
944 2951 983 3026 U
1005 2951 1169 3048 obstupuit,

96 3043 144 3122 ¹U
160 3055 246 3121 dixit
265 3054 308 3122 ad
327 3054 437 3144 Regem
456 3053 670 3122 Salomonem:
703 3055 805 3122 Verus
820 3052 857 3148 esi
871 3053 989 3144 sermo,
1014 3076 1103 3149 quem
1119 3075 1169 3146 ego

117 3153 275 3220 nontin
294 3169 384 3250 terra
404 3173 469 3222 mea
487 3154 522 3222 de
542 3152 735 3239 verbotuo,
762 3157 800 3227 U
820 3155 996 3248 prudnnia
1020 3171 1101 3239 tua,
1129 3153 1171 3228 U

93 3253 302 3322 2mnaredidi
319 3258 380 3332 iis,
405 3260 462 3349 qui
479 3251 689 3350 loquebantur
709 3253 810 3340 milui,
837 3277 994 3350 usquequo
1011 3260 1170 3347 venirem,

116 3349 145 3422 U
152 3355 313 3422 viderunt
327 3353 406 3422 oculi
419 3357 480 3422 mei
487 3404 497 3438 ‚
525 3353 563 3430 U
577 3377 638 3423 ecoe
653 3377 711 3421 nec
722 3356 822 3422 media
832 3373 906 3448 pan
921 3355 980 3449 est,
1005 3379 1072 3450 pua
1083 3375 1170 3422 nun·
1231 3438 1233 3442 Ι

116 3451 275 3525 oolam
294 3452 390 3526 milii.
439 3452 596 3548 Alontfli
618 3457 704 3522 enim
729 3453 810 3525 bona
827 3455 921 3549 super
941 3478 1060 3524 omnem
1081 3455 1174 3524 audi·

117 3555 247 3638 tionem,
275 3576 370 3649 quom
383 3553 499 3622 audivi
519 3558 555 3622 in
573 3542 663 3622 terra
680 3576 757 3624 mea.
810 3557 916 3625 Beata
933 3553 1074 3625 mulieres
1097 3569 1172 3640 tuae,

116 3649 381 3750 intepuerant,
406 3658 463 3751 qui
484 3649 633 3748 affissunt
657 3657 695 3720 in
713 3653 874 3749 conspaiiu
896 3670 949 3725 tuo
963 3654 1106 3748 semper,
1132 3650 1173 3729 U

117 3755 241 3822 audiunt
263 3777 387 3822 omnem
398 3753 601 3849 prudentiam
614 3772 714 3831 tuam.
734 3820 738 3832 ,
766 3756 980 3824 sitdominus
994 3758 1083 3825 Deus
1098 3772 1176 3825 tuus

118 3849 305 3948 mainus,
333 3858 391 3950 qui
410 3851 470 3923 tibi
488 3853 577 3924 dedit
590 3853 692 3940 sedem
713 3851 823 3941 Israel.
874 3857 1037 3947 Quoniam
1056 3855 1173 3924 dilexit

120 3951 268 4024 Mnus
293 3951 415 4040 lsrael,
449 3954 489 4030 U
509 3952 617 4025 voluit
645 3978 715 4023 eum
734 3975 918 4048 permanere
939 3959 975 4024 in
1003 3971 1173 4043 aternum,

118 4055 204 4144 poluit
218 4070 252 4125 te
273 4078 374 4148 regem
390 4056 487 4150 super
506 4077 574 4142 eos,
600 4069 640 4125 ut
647 4053 756 4146 facias
768 4057 927 4149 judicium
940 4079 1009 4124 cum
1021 4054 1175 4154 justitia,

121 4147 272 4247 Ujudices
290 4179 352 4225 aaa.
409 4155 458 4224 Et
481 4154 565 4225 dedit
584 4155 746 4226 Salomoni
765 4170 888 4224 anatum
909 4159 1029 4248 viginti
1050 4155 1175 4223 talenta

124 4257 194 4347 uti,
220 4254 262 4334 U
286 4257 491 4330 adoramenta
511 4255 614 4332 multa
637 4255 758 4346 valde,
785 4255 824 4334 U
845 4256 979 4355 lapidem
1001 4253 1177 4351 preciosum.

850 4477 854 4484 .
938 4360 1135 4466 Nunquam
1188 4471 1191 4478 Ι
