2734 4859
128 449 132 456 ι
270 443 300 468 ἱ,
743 419 745 426 Ι
1113 441 1125 470 ΙΙ

209 483 225 516 'e
289 477 321 498 '¹
776 489 780 512 g
934 471 942 502 ἲ

107 579 114 592 '
201 599 1176 712 1a2'omonms1ucaumcumcnumc.

185 790 293 864 tatis·
310 785 452 862 denlior
474 780 644 857 reddatur
669 747 984 858 &vehemention
1034 778 1086 854 Et
1103 781 1186 874 hic,
1211 778 1265 858 in·

205 889 305 981 quit,
332 908 413 962 cum
425 884 505 958 talis
522 881 582 968 iit,
607 882 645 954 in
661 878 782 954 medio
796 883 946 956 uberum
961 901 1125 958 meorum
1141 882 1265 968 demo·

202 1000 305 1062 ratur
330 986 366 1059 da
384 994 611 1073 commanet,
638 979 849 1072 &requiem
868 1002 909 1054 ac
929 981 1146 1056 mansionem
1169 979 1265 1058 suam

201 1083 294 1163 facit
319 1087 359 1159 in
380 1079 644 1177 locopeiioris
668 1079 751 1155 mei.
802 1081 940 1156 Verum
963 1081 1062 1174 quod
1081 1101 1179 1176 nunc
1196 1081 1267 1175 pri·

201 1204 303 1263 mum
320 1182 595 1280 cognominavit
610 1199 692 1252 eum
716 1178 911 1258 fraternum
930 1179 1029 1258 suum
1046 1177 1191 1277 sponsa,
1230 1178 1266 1254 dt

202 1285 360 1362 nominis
391 1281 497 1374 liujus
534 1277 777 1372 appellatione
805 1300 869 1376 per
895 1293 1017 1356 totum
1040 1301 1135 1376 pene
1156 1279 1267 1353 libelli

202 1398 348 1460 textum
361 1381 571 1472 frequenter
587 1379 723 1471 utitur,
746 1377 889 1476 dignum
908 1395 1019 1473 puto,
1042 1394 1083 1453 ut
1097 1380 1193 1473 prius
1210 1399 1265 1451 re·

134 1547 136 1552 ,
204 1484 386 1575 quiramus
405 1479 655 1574 appellationis
680 1476 785 1573 iplius
813 1477 971 1575 causam,
1005 1480 1041 1552 u
1061 1479 1167 1573 quid,
1202 1478 1266 1552 vel

202 1583 302 1655 unde
321 1581 499 1655 fraternus
527 1578 677 1669 dicitur,
712 1599 945 1672 exponamus.
994 1577 1187 1653 Frateanus
1206 1600 1267 1671 ap·

201 1681 358 1779 pellatur
382 1679 502 1753 fratris
527 1674 633 1752 filius.
684 1676 942 1770 Requiramus‚
979 1679 1057 1770 quis
1081 1679 1124 1752 sit
1148 1679 1265 1772 primo

202 1780 317 1855 frater
344 1777 500 1872 sponsae,
535 1778 634 1870 quus
650 1775 710 1850 hic
730 1775 824 1851 filius
843 1777 1028 1852 habeatur.
1079 1777 1203 1871 Vide,
1240 1776 1267 1852 sa

201 1878 388 1975 pollumus
412 1877 553 1969 dicere,
591 1873 751 1969 sponsam
776 1875 918 1968 quidem
944 1899 989 1951 ex
1011 1873 1268 1974 gentibus-elle

203 1978 404 2071 ecclesiam,
429 1976 575 2050 fratrem
589 1997 692 2068 verox
700 1979 775 2071 ejus
788 1978 946 2069 priorem
962 1977 1136 2070 populum
1150 1977 1184 2050 ἃ
1197 1975 1268 2050 Γτειό

202 2091 317 2169 trem,
347 2091 390 2150 ut
410 2097 468 2149 res
490 2075 644 2168 indicat,
669 2073 859 2153 seniorem.
912 2077 1008 2175 Quia
1025 2095 1114 2174 ergo
1134 2095 1181 2150 ex
1200 2075 1266 2149 illo

201 2178 346 2273 populo
374 2172 531 2248 Christus
547 2171 740 2248 secundum
759 2196 900 2249 carnem
921 2174 1093 2268 nascitur,
1119 2180 1169 2250 ob
1191 2176 1267 2248 hoc

204 2277 250 2349 ab
275 2274 422 2348 ecclesia
445 2275 608 2369 gentium
628 2273 748 2347 fratris
773 2272 867 2347 iilius
893 2275 1102 2367 appellatur.
1153 2272 1268 2371 Quod

201 2395 296 2470 ergo
313 2373 378 2448 ait:
404 2374 648 2466 Adigamentum
662 2390 761 2466 gulia
775 2372 948 2463 fraternus
965 2400 1051 2444 meus
1066 2375 1160 2458 nili,
1187 2393 1268 2444 cor·

202 2494 329 2569 poreae
344 2473 543 2545 nativitatis
561 2474 636 2563 ejus
652 2472 786 2547 indicat
797 2473 1062 2547 sacramentum.
1111 2472 1269 2562 ¹Videtur

201 2574 302 2647 enim
335 2572 602 2663 quodammodo
636 2573 897 2669 alligamentum
926 2572 995 2645 elle
1023 2574 1057 2644 ἃ
1080 2571 1267 2644 vlnculum

203 2671 386 2763 quoddam
402 2671 523 2743 animae
539 2692 695 2763 corpus,
723 2672 820 2762 quod
835 2674 1095 2767 alligamentum
1116 2685 1217 2766 gutta
1232 2673 1267 2743 iu

203 2769 348 2843 Christo
372 2769 501 2842 divinae
527 2770 671 2842 virtutis
696 2791 738 2842 ac
762 2772 944 2844 suavitatis
968 2769 1179 2867 astringitur.
1230 2770 1267 2842 Si

206 2881 328 2944 autem
344 2868 387 2940 ad
407 2889 690 2960 unamquamque
704 2871 867 2962 animam,
895 2893 972 2961 quae
987 2869 1077 2942 diiia
1095 2868 1188 2960 sunt,
1214 2889 1271 2940 re·

203 2970 399 3058 feruntur,
437 2968 619 3063 alligatura
655 2979 766 3063 gutta
797 2971 1002 3065 dogmatum
1033 2969 1269 3042 continentia

205 3066 437 3160 constriitio,
465 3087 507 3138 ac
527 3067 726 3141 divinarum
746 3067 997 3141 sententiarum
1014 3068 1198 3141 nodositas
1217 3068 1270 3140 in·

203 3169 389 3264 telligitur.
440 3165 584 3239 Iunexae
601 3167 695 3240 enim
712 3168 773 3241 sibi
788 3169 944 3241 invicem
964 3168 1043 3240 sunt
1059 3166 1142 3240 fidei
1159 3168 1270 3241 ratio·

203 3288 291 3352 nes,
325 3266 532 3338 &vinculis
555 3266 718 3339 veritatis
742 3266 896 3343 astrittae.
959 3266 1126 3359 Denique
1151 3268 1185 3340 δι
1210 3269 1270 3341 lex

203 3365 376 3441 mundum
396 3364 483 3436 dicit
497 3362 566 3436 else
583 3386 691 3437 omne
703 3388 782 3460 vas,
809 3367 905 3456 quod
923 3367 1101 3461 alligatum
1116 3366 1180 3457 est,
1206 3368 1270 3440 im·

204 3466 377 3539 mundum
397 3483 504 3555 vero,
529 3466 627 3553 quod
645 3462 799 3541 solutum
816 3466 938 3556 fuerit,
967 3465 1090 3538 &non
1110 3467 1268 3560 ligatum.

205 3562 319 3654 Cujus
347 3563 399 3633 rei
431 3561 758 3657 lacumiano,
795 3566 894 3656 quod
919 3563 1096 3646 Christus,
1129 3566 1165 3635 in
1194 3585 1269 3654 quo

204 3681 398 3752 numquam
414 3662 483 3733 fuit
503 3663 572 3735 ulla
587 3663 807 3736 immunditia
822 3666 979 3756 peccati,
1006 3665 1270 3760 alligamentum

205 3773 318 3857 guttae
343 3760 485 3834 dicitur.
537 3757 584 3832 Et
599 3762 683 3833 ideo
704 3765 818 3836 anima
836 3785 912 3835 non
933 3764 1042 3836 debet
1057 3764 1269 3856 contingere

207 3860 340 3951 aliquid
361 3857 579 3950 dillolutum,
606 3860 751 3951 &quod
766 3884 841 3936 non
861 3864 1056 3935 iuratione
1070 3861 1271 3953 subnixum,

207 3958 467 4055 &dogmatum
487 3958 640 4032 veritate
655 3961 904 4054 confluidum,
931 3983 976 4033 ne
995 3963 1173 4036 immunda
1196 3958 1268 4037 fiat.

207 4060 284 4158 Qui
310 4058 403 4132 enim
424 4057 642 4132 immundum
665 4064 882 4156 contigerit,
908 4061 1107 4134 immundus
1125 4060 1194 4130 erit
1219 4060 1268 4133 se·

208 4158 365 4232 cundum
388 4159 513 4254 legem.
565 4155 764 4253 Continget
784 4181 936 4249 namque
957 4181 1037 4233 eum
1058 4158 1172 4232 senius
1187 4158 1272 4231 ima·

78 4311 81 4316 -
207 4257 413 4355 donabilis,
449 4256 635 4334 &adunus
650 4281 680 4342 ¹a
702 4257 871 4359 sapientia
889 4259 979 4343 Dei,
1006 4259 1163 4335 &faciet
1187 4279 1269 4333 eum

744 4390 748 4396 ·
1070 4377 1221 4435 manuu-
