2734 4859
610 699 685 774 1³
760 693 925 778 *Ἡ
974 693 1275 816 Ο,Μ“ζ
1318 691 1388 775 L
1433 695 1477 777 ἶ
1521 690 1942 788 Α’μΧἘΞ
1993 701 2146 772 ‘'s‘..
2231 619 2442 806 ‘732

293 855 561 938 sstbo‘c
583 908 627 955 ‚.
672 859 881 956 quod
914 857 1339 940 distumest.
1415 858 1578 937 Ι-Λίῐε
1613 859 2014 959 autem-ipfi
2057 855 2441 939 Salvator:

294 965 815 1060 Qui·jaxra'me
862 961 983 1060 est,
1021 967 1227 1064 ,imo
1272 968 1482 1060 ignem
1530 963 1658 1063 est:
1705 968 1822 1063 qui
1866 963 2044 1057 longe
2091 961 2170 1058 efl
2216 988 2260 1036 ο
2306 986 2444 1056 nee.

295 1064 476 1157 longe
502 1062 653 1161 esta
680 1084 888 1157 regno.
988 1063 1101 1158 Ut
1133 1067 1325 1140 enim
1357 1066 1480 1157 qui
1505 1064 1716 1157 juxta
1751 1084 1872 1140 me
1906 1063 2011 1138 est
2030 1115 2056 1154 ‚
2102 1063 2312 1155 iuxta
2337 1061 2442 1137 st-

169 1211 173 1254 ;
292 1164 525 1237 lutem
544 1161 692 1256 est,
742 1164 845 1236 ita
871 1162 943 1237 δι
963 1163 1172 1257 juxta
1188 1166 1430 1263 ignem
1457 1162 1582 1240 est.
1684 1161 1788 1246 Et
1813 1163 1936 1258 qui
1960 1159 2254 1238 audiens
2285 1184 2438 1259 me,

169 1315 175 1356 2
296 1261 373 1334 δι
422 1263 663 1336 audita
700 1264 1180 1356 praevari'cans
1224 1262 1449 1340 factus
1491 1262 1596 1338 est
1632 1284 1762 1338 vas
1803 1265 1928 1337 irae
1959 1276 2440 1359 praeparatum

288 1383 375 1534 ἒξ
404 1362 2248 1562 ezsssszfflffi‘asxroeffisnssgsff’qsssssstssxzffnffi
2275 1360 2434 1544 ἐξ

169 1592 182 1648 ,·
279 1564 499 1654 juxta
536 1564 773 1657 ignem
822 1562 965 1658 est,
1016 1567 1243 1664 longe
1279 1564 1507 1641 factus
1547 1565 1770 1641 fuerit
1807 1585 1995 1640 ame
2022 1616 2050 1657 ,
2098 1583 2193 1638 ne
2215 1564 2431 1657 juxta

287 1660 533 1757 ignem
548 1662 839 1756 figtaiis
868 1665 1154 1756 quidem
1170 1669 1396 1763 longe
1422 1666 1714 1740 futurua
1735 1663 1844 1741 est
1866 1663 1992 1738 &a
2015 1683 2096 1737 re
2198 1685 2273 1739 o.
2325 1659 2432 1736 Et

169 1821 177 1846 ,
292 1761 677 1852 quomodo
716 1764 1027 1850 athleta,
1076 1769 1386 1860 quinon
1411 1764 1516 1841 est
1545 1769 1619 1841 in
1655 1787 1694 1840 a
1745 1786 1894 1839 one
1933 1784 2080 1839 con
2112 1763 2434 1857 crimus,

169 1855 179 1950 ζ
283 1861 844 1960 nequo-flagella
868 1868 1190 1964 metuit„
1224 1887 1464 1960 neque
1497 1889 1684 1960 expe
1797 1879 1832 1940 t
1863 1883 2251 1939 coronam:
2305 1859 2447 1954 qui.

284 1976 531 2035 autem
578 1960 792 2038 semel
843 1986 1117 2042 nomen
1168 1963 1522 2062 profess‘us
1573 1964 1724 2060 est,
1773 1966 1824 2044 fi
1873 1961 2107 2038 vietus
2159 1963 2428 2056 fuerit,

286 2061 717 2134 verberatur
754 2079 971 2158 atque
1013 2068 1443 2164 projicitur,
1491 2067 1544 2142 fi
1588 2087 1778 2141 vero
1809 2064 2075 2140 vicerit
2113 2081 2430 2137 corono·

280 2173 463 2234 turt·
496 2164 760 2239 eooem
794 2168 1064 2261 modo,
1118 2159 1602 2266 quiingress'us
1624 2165 1730 2248 est
1757 2165 2166 2257 ecclesiam,
2217 2184 2270 2238 o
2310 2182 2430 2236 ca-

276 2261 722 2344 techumene
764 2265 1128 2363 ausculta,
1180 2271 1301 2360 qui
1337 2269 1617 2344 accessit
1654 2267 1746 2342 ad
1788 2265 2189 2341 sermonem
2233 2262 2426 2357 Dei,

276 2362 462 2436 nihil
511 2359 703 2437 aliud
738 2385 952 2457 quam
999 2366 1451 2467 conscriptus
1498 2367 1602 2443 est
1639 2369 1719 2442 in
1765 2366 2156 2441 certamine
2196 2362 2429 2458 pieta-

169 2465 191 2548 ζ
278 2463 419 2534 tis:
472 2460 541 2534 δι
568 2463 1065 2562 conscriptus,
1115 2468 1169 2542 fi
1197 2473 1354 2544 non
1385 2470 1704 2566 legitime
1731 2466 2168 2557 certaverit,
2217 2462 2426 2535 caedi-

169 2569 192 2684 ;
276 2575 402 2634 tur
432 2559 729 2660 flagellis
754 2618 782 2659 ‚
835 2570 1093 2658 quibus
1128 2590 1285 2647 non
1323 2569 1804 2645 verberantur
1836 2566 1935 2659 ii,
1988 2563 2110 2658 qni
2150 2584 2305 2638 non
2329 2561 2446 2658 in·

276 2663 643 2756 principio
681 2669 1069 2763 conscripti
1109 2669 1289 2745 sunt.
1395 2668 1466 2743 Si
1507 2683 1747 2745 autem
1777 2665 2244 2742 contenderit
2270 2661 2424 2735 for.-

170 2781 179 2864 3
272 2763 453 2834 titer
484 2763 570 2837 ad
598 2762 938 2863 fugienda
966 2772 1276 2844 verbera
1316 2768 1388 2842 δι
1427 2769 1943 2844 contumelia,
2001 2785 2156 2838 non
2186 2762 2419 2837 solum

169 2879 173 2888 ·
274 2861 535 2953 injuria
580 2865 1004 2946 liberabitur
1034 2921 1061 2965 ,
1122 2867 1243 2944 sed
1286 2870 1781 2966 incorruptam
1820 2865 2072 2965 gloriae
2109 2863 2420 2959 accipiet

272 2981 648 3041 coronam.
2379 3019 2388 3028 -

420 3084 493 3154 4.
548 3069 721 3162 Opus
758 3069 1035 3139 Domino
1057 3073 1494 3142 virtututum
1526 3084 1706 3140 terra
1729 3067 2019 3138 Chauco
2027 3089 2186 3138 rum.
2239 3061 2415 3157 Jux-

270 3171 351 3233 ta
384 3160 709 3237 diversos
736 3166 1139 3243 intellefitus
1170 3180 1503 3243 terrenus
1523 3170 1732 3242 locus
1755 3165 2249 3258 multipliciter
2278 3181 2416 3235 no-

268 3262 629 3357 minatur,
683 3263 753 3338 &
788 3268 1170 3357 quomodo
1208 3267 1575 3344 differenti
1608 3270 1798 3341 inter
1835 3263 1905 3339 se
1929 3267 2218 3338 ratione
2256 3263 2413 3354 plu-

265 3381 349 3433 ra
380 3359 735 3438 Salvator·
759 3366 981 3441 habet
1009 3369 1380 3443 voeabula
1399 3421 1427 3460 ‚
1480 3377 1642 3443 cum
1672 3386 1860 3442 unua
1907 3366 1978 3439 in
2010 3359 2408 3456 subJ'acenti

261 3462 392 3553 fit,
443 3465 686 3537 varius
720 3479 962 3541 autem
996 3468 1073 3542 in
1117 3468 1512 3542 virtutibus
1549 3496 1569 3541 z
1607 3467 1719 3542 fic
1757 3466 1826 3540 &
1867 3479 2173 3561 propter
2209 3459 2409 3536 mali·

261 3562 438 3635 tiam
483 3566 765 3660 generis
796 3565 1087 3642 humani
1122 3581 1413 3643 terrena
1451 3567 1749 3665 negotia
1791 3587 1952 3639 cum
2003 3584 2222 3637 unum
2267 3562 2405 3635 sint

260 3662 341 3733 in
406 3660 845 3761 subJacenti,
895 3665 1301 3743 intellefitus
1369 3666 1782 3742 diversitate
1847 3664 2009 3739 sunt
2073 3665 2399 3759 plurima.

262 3763 493 3857 Quod
537 3781 775 3839 autem
824 3768 992 3840 dico
1020 3822 1046 3862 ,
1106 3767 1204 3842 fic
1230 3765 1362 3842 fiet
1389 3766 1826 3850 manifestius
1860 3817 1886 3858 ,
1953 3784 2117 3840 cum
2160 3783 2404 3837 exem-

258 3861 501 3955 plum,
552 3864 750 3957 quod
785 3888 826 3941 a
869 3865 1255 3942 salvatore
1282 3866 1603 3962 affumpfi
1640 3863 2022 3939 edifferens
2052 3919 2078 3959 ,
2137 3864 2224 3935 ad
2263 3883 2395 3954 ea,

260 3977 420 4051 quae
448 3959 611 4036 sunt
634 3963 984 4061 subJecta-,
1037 3967 1485 4064 explananda
1506 3964 2041 4040 transcendero,
2146 3963 2396 4035 Unum

254 4059 626 4152 subjacens
660 4064 764 4139 est
790 4067 1119 4142 Domino
1154 4090 1325 4144 meo
1356 4068 1520 4162 Jesu
1549 4065 1937 4141 salvatori.
2043 4065 2214 4138 Hoc
2239 4079 2394 4133 uno
2435 4093 2448 4130 ·.

256 4159 713 4256 subjacente,
790 4167 935 4239 alio
964 4166 1336 4242 intellectu
1373 4167 1694 4243 medicus
1740 4164 1888 4258 est,
1933 4166 2142 4258 juxta
2193 4158 2394 4252 quod

256 4259 600 4356 scriptum
626 4262 763 4337 est:
814 4270 975 4340 Mn
1010 4265 1233 4360 noteffi
1265 4268 1504 4341 habent
1531 4270 1680 4358 ani
1711 4269 2053 4358 medicum,
2090 4264 2201 4352 sed
2231 4261 2392 4332 male

248 4363 583 4440 habentes.
683 4361 861 4443 Alio
895 4366 1277 4446 inteHeEtu·
1296 4367 1542 4460 pastor
1559 4421 1588 4465 ‚
1640 4365 2027 4443 secundum
2063 4361 2262 4454 quod
2298 4361 2391 4454 il}-

372 4487 403 4512 .·
1292 4466 1359 4545 z
1383 4488 1429 4542 z
1475 4490 1532 4562 4
2077 4463 2321 4533 taim-
2437 4473 2442 4478 ·
