2734 4859
106 182 141 476 'a

319 532 321 537 ·
1239 524 1245 542 s

420 611 922 696 HOM1L1Alv.
1084 623 1213 716 ·307·

132 785 265 882 pimus
282 779 398 858 sumo
412 777 561 858 meus&
577 775 674 876 aiios
689 773 732 853 fit
745 778 861 884 gloria
875 776 960 856 Dei.
1012 773 1050 854 Si
1066 777 1101 856 dt
1117 800 1205 878 pto·

134 881 265 978 eeii'us,
293 878 514 979 &ingressus
531 900 631 956 meus
649 883 687 953 in
706 877 943 977 gloriamDei
958 875 1023 973 est,
1048 881 1201 980 sreibtu,
1232 877 1234 884 ’

133 983 292 1080 sputus
307 1003 431 1076 meus,
458 981 640 1072 uomnia,
665 1000 743 1074 quae
759 977 878 1072 facio,
904 980 941 1055 in
960 982 1109 1078 gloriam
1125 981 1201 1060 Dei

132 1081 249 1180 fiant,
275 1083 310 1158 dt
326 1101 396 1181 ego
412 1082 591 1177 particeps
609 1078 681 1156 sum
698 1077 794 1154 istius
814 1079 915 1154 diiii:
944 1083 1042 1155 Piera
1054 1081 1095 1180 eft
1107 1101 1200 1160 terta

129 1186 233 1282 gioria
252 1188 332 1281 ejas.
384 1180 475 1257 Cum
498 1200 585 1277 ergo
611 1179 732 1256 omnia
754 1177 816 1254 ista
836 1178 982 1276 secero,
1014 1182 1200 1264 elevatum

99 1303 104 1310 ·
132 1284 185 1360 est
202 1281 468 1379 superliminare
488 1302 508 1354 a
533 1301 630 1355 voce
654 1279 859 1376 Seraphim,
894 1300 963 1374 qua
985 1282 1198 1362 clamabant

130 1383 286 1475 Beatum
303 1382 355 1458 est
373 1384 515 1475 itaque,
548 1401 837 1472 unumquemque
852 1379 1013 1456 nostrum
1027 1384 1077 1456 ita
1095 1383 1200 1466 iabo-

130 1503 236 1578 rtre,
267 1498 310 1557 ut
332 1485 512 1577 particeps
536 1476 598 1554 tiat
617 1480 717 1574 ostii,
752 1480 1071 1574 &superliminaris
1091 1482 1197 1580 ostii,

131 1586 234 1674 quod
258 1585 362 1680 juxta
389 1578 608 1664 intelledium
638 1580 690 1655 est
719 1577 879 1655 Christus
902 1580 1015 1659 Deus.
1064 1581 1199 1677 Neque

131 1686 227 1760 enim
241 1685 412 1758 indecens
429 1681 545 1775 disin,
570 1700 679 1775 reor,-
705 1677 834 1774 ostium
848 1700 1004 1779 carnem,
1030 1680 1199 1782 &super-

129 1785 295 1862 liminare
313 1786 465 1858 verbum
483 1782 693 1875 nuncupari.

210 1905 244 1978 3.
275 1884 445 1959 &warum
466 1884 506 1981 rfl
519 1884 796 1980 superliminarem
810 1906 900 1970 voce,
948 1907 988 1955 ua
1001 1881 1196 1975 masana,

131 1983 171 2064 0
191 1987 300 2056 domus
326 1985 443 2081 repleta
468 1985 507 2082 est
522 1983 629 2078 fumo.
678 1981 708 2060 F
711 2004 811 2057 umus
833 1980 897 2055 iste
919 1908 1057 2060 gotium
1081 1975 1132 2059 est
1151 1984 1198 2060 de

130 2084 249 2185 gloria
263 2083 348 2160 Dei.
391 2086 440 2158 Et
460 2086 548 2156 dixi:
579 2089 607 2155 0
625 2086 719 2174 miser
733 2108 805 2178 rgo,
830 2093 981 2184 quornm
996 2081 1197 2182 compensius

126 2187 211 2281 sum.
264 2184 470 2277 Antequam
494 2184 615 2257 videas
639 2184 834 2275 visronem,
858 2204 936 2258 non
957 2179 1141 2259 confiteris
1157 2199 1212 2261 te·

132 2285 203 2363 effe
221 2282 399 2376 miserum,
415 2307 439 2357 o
456 2282 566 2358 lsaiai
594 2285 683 2357 Non
699 2285 765 2356 ait:
793 2283 959 2375 quamdiu
977 2284 1197 2382 vixitOiias,
1289 2334 1291 2338 -

131 2406 253 2480 neque
269 2386 307 2458 in
325 2382 459 2458 sensum
475 2405 593 2459 meum
616 2385 734 2470 venit,
760 2385 842 2477 quia
853 2381 956 2461 miser
968 2383 1085 2461 ess'em.
1136 2385 1198 2464 lu·

132 2487 231 2581 cipio
256 2497 375 2558 autem
403 2483 525 2577 noffe,
562 2484 644 2578 quia
664 2484 767 2562 miser
790 2482 886 2578 sum,
919 2485 1063 2578 quando
1082 2485 1195 2560 video

132 2586 330 2678 visionem,
356 2589 536 2659 moriente
555 2586 640 2659 mihi
661 2584 841 2681 Osrarege
855 2582 1023 2679 leproso,
1050 2585 1196 2666 dedico:

137 2695 165 2761 0
185 2687 277 2775 miser
295 2680 366 2781 ego!
391 2683 502 2758 Nunc
527 2684 661 2777 incipio
681 2684 715 2757 dt
735 2705 805 2781 ego
822 2681 991 2760 confiteri
1008 2684 1195 2780 Domino,

133 2788 167 2861 dt
194 2788 318 2882 dicere
347 2785 392 2858 de
418 2783 647 2879 memetipso:
685 2784 720 2857 O
747 2782 849 2858 miser
864 2787 959 2881 egoi
991 2781 1196 2880 Quomodo

130 2886 236 2964 Isaiae
263 2884 366 2957 dicit:
399 2884 434 2957 O
463 2882 564 2959 miser
586 2906 668 2981 ego.
720 2883 888 2958 Proxime
917 2897 1035 2958 autem
1058 2883 1142 2958 huic
1162 2885 1198 2959 dt

132 2985 335 3083 Apostolus
357 2983 461 3058 dicit:
501 2985 606 3071 Miser
628 3011 676 3077 ego
699 2985 805 3070 mmo,
837 2990 911 3083 qais
932 3011 979 3055 me
995 2983 1144 3056 liberabit
1162 2985 1198 3057 de

131 3112 255 3186 corpore
271 3090 384 3158 mertis
399 3081 519 3180 liujus?
543 3083 692 3157 Beatum
714 3083 764 3159 est
781 3105 883 3181 ergo,
907 3097 949 3157 ut
965 3082 1127 3161 miserum
1138 3105 1198 3159 me
1283 3143 1285 3153 .

131 3186 258 3263 fatear.
310 3183 345 3258 Si
368 3208 426 3258 me
452 3186 713 3273 humiliavero,
748 3185 973 3277 &paenitens
995 3183 1100 3279 super
1114 3204 1198 3277 pec·

132 3291 221 3362 catis
243 3288 332 3360 meis
353 3284 514 3376 flevero,
548 3285 715 3359 exaudiet
731 3306 789 3360 me
808 3284 933 3380 Deus,
960 3284 994 3356 &
1015 3283 1113 3357 dabit
1134 3284 1199 3358 mi·

131 3389 168 3463 hi
184 3390 441 3479 liberatorem,
454 3437 456 3442 -
469 3386 502 3457 ὅ(
518 3387 630 3459 dicam
644 3407 652 3455 :
681 3388 816 3457 Gratias
830 3389 897 3455 Deo
905 3407 962 3482 per
975 3384 1089 3482 Jesum
1101 3383 1198 3456 Cirri-

128 3490 214 3585 flam
232 3491 392 3560 dominum
406 3487 552 3585 nostrum.
605 3485 797 3560 Verumex
809 3486 920 3562 corde
931 3487 1101 3560 dicamus:
1125 3483 1198 3560 Mi·

130 3586 184 3663 ser
212 3609 282 3685 ego
308 3586 392 3661 sum.
444 3586 701 3677 Unusquisque
722 3586 937 3660 recordetur
961 3584 1079 3660 causas
1097 3575 1197 3660 mise·

130 3692 264 3762 riarum
286 3684 445 3778 suarum,
478 3686 512 3759 dr
538 3684 684 3776 delicia,
720 3684 929 3759 &dicamus
953 3683 1134 3783 surgentes
1153 3683 1197 3768 ad

132 3789 361 3869 orationem,
386 3808 564 3860 memores
587 3786 729 3877 quidem
752 3785 845 3876 quast
862 3782 1105 3878 confitentes,
1131 3787 1197 3857 ob·

131 3889 186 3961 liti
200 3905 321 3962 autem
338 3881 431 3978 quasi
442 3889 514 3976 jam
531 3907 607 3960 non
625 3884 819 3977 facientes,
847 3884 1066 3968 &dicamust
1091 3879 1198 3977 Miser
1248 3921 1250 3925 ·

132 4014 205 4083 ego,
239 3993 389 4085 quoniam
413 3986 614 4083 compensius
630 3986 713 4075 sum.
746 3983 857 4063 ¹Non
873 3984 924 4060 est
938 3981 1197 4078 compunfflls,

133 4104 324 4179 antequam
344 4087 486 4160 videret
503 4087 689 4175 visionem,
718 4098 908 4178 antequam
922 4081 1023 4160 Osras
1039 4095 1197 4160 morere-

132 4202 212 4261 tur:
249 4210 330 4263 curn
357 4186 756 4282 incipitpoenitentiarn
782 4206 909 4284 agere,
951 4186 1066 4261 statim
1090 4182 1197 4257 dicit:

134 4292 302 4386 Quoniam
324 4284 521 4386 compensius
532 4285 617 4380 sum.
633 4285 704 4467 Usi
725 4286 803 4382 quis
818 4285 892 4363 fine
908 4284 1010 4363 sensu
1024 4280 1077 4358 est
1098 4282 1205 4376 iusta

444 4394 446 4398 ’
697 4409 719 4465 a
1008 4383 1172 4464 intesan-
